
%%%%%%%%%%%%%%%%%%%%%%%%%%%%%%%%%%%%%%%%%%%%%%%%%%%%%%%%%%%%%%%%%%%%%%%%%%%%%%%%%%%%%%%%%%%%%%%%%%%%%
%%%%%%%%%%%%%%%%%%%%%%%%%%%  A8 REFS %%%%%%%%%%%%%%%%%%%%%%%%%%%%%%%%%%%%%%%%%%%%%%%%%%%%%%%%%%%%%%%%
%%%%%%%%%%%%%%%%%%%%%%%%%%%%%%%%%%%%%%%%%%%%%%%%%%%%%%%%%%%%%%%%%%%%%%%%%%%%%%%%%%%%%%%%%%%%%%%%%%%%%
@book{bondy1976graph,
  title={Graph theory with applications},
  author={Bondy, John Adrian and Murty, Uppaluri Siva Ramachandra and others},
  volume={290},
  year={1976},
  publisher={Macmillan London}
}


@book{bang2008digraphs,
  title={Digraphs: theory, algorithms and applications},
  author={Bang-Jensen, J{\o}rgen and Gutin, Gregory Z},
  year={2008},
  publisher={Springer Science \& Business Media}
}

%A8
@book{a8book,
place={New York},
title={Problem-solving methods in artificial intelligence},
publisher={McGraw-Hill Book Co.},
author={Nilsson, Nils J},
year={1971}
}
%intro
%1
@techreport{SUNGRIN,
  title={High Penetration Solar PV Deployment Sunshine State Solar Grid Initiative (SUNGRIN)},
  author={Meeker, Rick and Steurer, Mischa and Faruque, MD and Langston, James and Schoder, Karl and Ravindra, Harsha and Hariri, Ali and Moaveni, Houtan and Click, Dave and Reedy, Bob},
  year={2015},
  institution={Florida State University}
}


%2
@techreport{denholm2016path,
  title={On the Path to SunShot. Emerging Issues and Challenges in Integrating High Levels of Solar into the Electrical Generation and Transmission System},
  author={Denholm, Paul and Clark, Kara and O'Connell, Matt},
  year={2016},
  institution={National Renewable Energy Lab.(NREL), Golden, CO (United States)}
}


%3
@ARTICLE{rt_shi_2017, 
author={W. Shi and N. Li and C. C. Chu and R. Gadh}, 
journal={IEEE Transactions on Smart Grid}, 
title={Real-Time Energy Management in Microgrids}, 
year={2017}, 
volume={8}, 
number={1}, 
pages={228-238}, 
doi={10.1109/TSG.2015.2462294}, 
ISSN={1949-3053}, 
month={Jan},}

%4
@ARTICLE{Off_1, 
author={H. Geramifar and M. Shahabi and T. Barforoshi}, 
journal={IET Renewable Power Generation}, 
title={Coordination of energy storage systems and DR resources for optimal scheduling of microgrids under uncertainties}, 
year={2017}, 
volume={11}, 
number={2}, 
pages={378-388}, 
doi={10.1049/iet-rpg.2016.0094}, 
ISSN={1752-1416}, 
month={},}

%5
@ARTICLE{off_2, 
author={R. Palma-Behnke and C. Benavides and F. Lanas and B. Severino and L. Reyes and J. Llanos and D. SÃ¡ez}, 
journal={IEEE Transactions on Smart Grid}, 
title={A Microgrid Energy Management System Based on the Rolling Horizon Strategy}, 
year={2013}, 
volume={4}, 
number={2}, 
pages={996-1006}, 
doi={10.1109/TSG.2012.2231440}, 
ISSN={1949-3053}, 
month={June},}

%6
@ARTICLE{off_3, 
author={A. Khodaei}, 
journal={IEEE Transactions on Power Systems}, 
title={Microgrid Optimal Scheduling With Multi-Period Islanding Constraints}, 
year={2014}, 
volume={29}, 
number={3}, 
pages={1383-1392}, 
doi={10.1109/TPWRS.2013.2290006}, 
ISSN={0885-8950}, 
month={May},}

%7
@ARTICLE{off_4, 
author={W. Shi and X. Xie and C. C. Chu and R. Gadh}, 
journal={IEEE Transactions on Smart Grid}, 
title={Distributed Optimal Energy Management in Microgrids}, 
year={2015}, 
volume={6}, 
number={3}, 
pages={1137-1146}, 
doi={10.1109/TSG.2014.2373150}, 
ISSN={1949-3053}, 
month={May},}

%8
@ARTICLE{ous_1, 
author={F. Farzan and M. A. Jafari and R. Masiello and Y. Lu}, 
journal={IEEE Transactions on Smart Grid}, 
title={Toward Optimal Day-Ahead Scheduling and Operation Control of Microgrids Under Uncertainty}, 
year={2015}, 
volume={6}, 
number={2}, 
pages={499-507}, 
doi={10.1109/TSG.2014.2368077}, 
ISSN={1949-3053}, 
month={March},}


%9
@ARTICLE{ous_2, 
author={H. Geramifar and M. Shahabi and T. Barforoshi}, 
journal={IET Renewable Power Generation}, 
title={Coordination of energy storage systems and DR resources for optimal scheduling of microgrids under uncertainties}, 
year={2017}, 
volume={11}, 
number={2}, 
pages={378-388}, 
doi={10.1049/iet-rpg.2016.0094}, 
ISSN={1752-1416}, 
month={},}

%10
@ARTICLE{ous_3, 
author={Y. Xiang and J. Liu and Y. Liu}, 
journal={IEEE Transactions on Smart Grid}, 
title={Robust Energy Management of Microgrid With Uncertain Renewable Generation and Load}, 
year={2016}, 
volume={7}, 
number={2}, 
pages={1034-1043}, 
keywords={Monte Carlo methods;Taguchi methods;distributed power generation;energy management systems;optimisation;renewable energy sources;Monte Carlo verification;OA testing method;RG;Taguchi orthogonal array testing method;electricity price exchange;microgrid;optimization problem;scenario-based robust energy management method;total exchange cost maximization;uncertain load;uncertain renewable generation;worst-case scenario;Energy management;Load modeling;Microgrids;Optimization;Robustness;Testing;Uncertainty;Exchange electricity price;microgrid;optimization;orthogonal array (OA);scenarios}, 
doi={10.1109/TSG.2014.2385801}, 
ISSN={1949-3053}, 
month={March},}



@misc{NYISO2017,
  title = {{N}ew {Y}ork {I}ndependent {S}ervice {O}perator ({NYISO})},
  howpublished = {\url{http://www.nyiso.com}},
  note = {Accessed: 2017-07-12}
}






@misc{tesla_powerpack_2018,
title = {Tesla Powerpack},
 howpublished =
{\url{https://www.tesla.com/powerpack}},
note = {Accessed: 2017-07-12}
}

@misc{pgne,
title={peak day pricing for your business 2018},
howpublished =
{\url{https://www.pge.com/en\_US/business/rate-plans/rate-plans/peak-day-pricing/peak-day-pricing.page}},
note = {Accessed: 2017-07-12}
}



%%%%%%%JUAN%%%%%%%%%%%%%%%%%%%%%%%%%%%%%%%%

    
@techreport{mitpower,
     title = {{Utility of the Future: An MIT Energy Initiative Response to an Industry in Transition}},
     author = {Christopher Knittel and Ignacio Perez-Arriaga},
     year = {2016},
     institution = {Massachusetts Institute of Technology, Cambridge, MA, US}
}


@online{seia,
  author = {MultiMedia LLC},
  title = {Solar Market Insight Report 2016 Year In Review},
  year = 2016,
  url = {http://www.seia.org/research-resources/solar-market-insight-report-2016-year-review},
  urldate = {2017-07-10}
}


@article{sunshotstudy,
  title={SunShot vision study},
  author={Margolis, R and Coggeshall, C and Zuboy, J},
  journal={US Dept. of Energy},
  volume={2},
  year={2012}
}



@inproceedings{dailycost,
  title={Daily cost minimization for an off-grid renewable microhybrid system installed to a residential home},
  author={Tutkun, Nedim and Can, {\"O}zay and {\c{S}}an, Ender Sinan},
  booktitle={Renewable Energy Research and Applications (ICRERA), 2015 International Conference on},
  pages={750--754},
  year={2015},
  organization={IEEE}
}




@article{optimalpf,
  title={Optimal power flow management for grid connected PV systems with batteries},
  author={Riffonneau, Yann and Bacha, Seddik and Barruel, Franck and Ploix, Stephane},
  journal={IEEE Transactions on Sustainable Energy},
  volume={2},
  number={3},
  pages={309--320},
  year={2011},
  publisher={IEEE}
}


@phdthesis{econbenefit,
  title={The Economic Benefits of Battery Energy Storage System in Electric Distribution System},
  author={Zhang, Tan},
  year={2013},
  school={Worcester Polytechnic Institute}
}


@article{econdispatch,
  title={Economic dispatch and cost analysis on a Power system network interconnected with Solar Farm},
  author={Velamuri, Suresh and Sreejith, S},
  journal={International Journal of Renewable Energy Research (IJRER)},
  volume={5},
  number={4},
  pages={1098--1105},
  year={2015}
}

@inproceedings{modeling,
  title={Modeling and optimal operation of a university campus microgrid},
  author={Dagdougui, Hanane and Dessaint, Louis and Gagnon, Ghyslain and Al-Haddad, Kamal},
  booktitle={Power and Energy Society General Meeting (PESGM), 2016},
  pages={1--5},
  year={2016},
  organization={IEEE}
}


@techreport{sand2016,
     title = {{Multi-Objective Advanced Inverter Controls to Dispatch the Real and Reactive Power of Many Distributed PV Systems}},
     author = {J. Seuss, Matthew Lave, Matthew J. Reno and Santiago Grijalva},
     year = {2016},
     institution = {Sandia National Laboratories, Albuquerque, CA, US}
}


@article{voltage&reactive,
  title={Voltage and reactive power regulation by photovoltaics in distribution systems},
  author={Jahangiri, Pedram},
  year={2014}
}

@article{onlinecoord,
  title={Online coordinated voltage control in distribution systems subjected to structural changes and DG availability},
  author={Ranamuka, Dothinka and Agalgaonkar, Ashish Prakash and Muttaqi, Kashem M},
  journal={IEEE Transactions on Smart Grid},
  volume={7},
  number={2},
  pages={580--591},
  year={2016},
  publisher={IEEE}
}



@article{astatsdemand,
  title={A statistical demand-price model with its application in optimal real-time price},
  author={Yu, Rongshan and Yang, Wenxian and Rahardja, Susanto},
  journal={IEEE Transactions on Smart Grid},
  volume={3},
  number={4},
  pages={1734--1742},
  year={2012},
  publisher={IEEE}
}

@article{rtphome,
  title={Real-time price based home energy management scheduler},
  author={Vivekananthan, Cynthujah and Mishra, Yateendra and Li, Fangxing},
  journal={IEEE Transactions on Power Systems},
  volume={30},
  number={4},
  pages={2149--2159},
  year={2015},
  publisher={IEEE}
}


@article{investigation,
  title={Investigation of voltage stability for residential customers due to high photovoltaic penetrations},
  author={Yan, Ruifeng and Saha, Tapan Kumar},
  journal={IEEE transactions on power systems},
  volume={27},
  number={2},
  pages={651--662},
  year={2012},
  publisher={IEEE}
}


@misc{nrel,
  title = {National Solar Radiation Database (NSRDB)},
  howpublished = {\url{https://nsrdb.nrel.gov/}},
  note = {Accessed: 2017-07-12}
}

@inproceedings{res,
  title={Economic dispatch algorithm considering battery degradation characteristic of energy storage system with PV system},
  author={Eom, Ju-Kyoung and Lee, Soon-Ryung and Ha, Eun-Jung and Choi, Bong-Yeon and Won, Chung-Yuen},
  booktitle={Electrical Machines and Systems (ICEMS), 2014 17th International Conference on},
  pages={849--854},
  year={2014},
  organization={IEEE}
}

@misc{tallahassee,
  title = {Tallahassee Electric Utilities, City of Tallahassee},
  howpublished = {\url{https://www.talgov.com/you/you-electric.aspx}},
  note = {Accessed: 2017-07-12}
}

@book{nrelmetrics,
  title={Metrics for evaluating the accuracy of solar power forecasting},
  author={Zhang, Jie and Hodge, Bri-Mathias and Florita, Anthony and Lu, Siyuan and Hamann, Hendrik F and Banunarayanan, Venkat},
  year={2013},
  publisher={National Renewable Energy Laboratory}
}


@article{eid2016control,
  title={Control methods and objectives for electronically coupled distributed energy resources in microgrids: A review},
  author={Eid, Bilal M and Rahim, Nasrudin Abd and Selvaraj, Jeyraj and El Khateb, Ahmad H},
  journal={IEEE Systems Journal},
  volume={10},
  number={2},
  pages={446--458},
  year={2016},
  publisher={IEEE}
}

@article{kann2016solar,
  title={Solar Market Insight Report 2016 Q3,â},
  author={Kann, Shayle and Shiao, MJ and Honeyman, C and Perea, A and Jones, J and Smith, C and Gallagher, B and Moskowitz, S and Baca, J and Rumery, S and others},
  journal={Solar Energy Industries Association},
  year={2016}
}


%%%%%added_by_alvi%%%%%%%%

@inproceedings{dunlap2008sampling,
  title={Sampling based model predictive control with application to autonomous vehicle guidance},
  author={Dunlap, Damion D and Collins Jr, Emmanuel G and Caldwell, Charmane V},
  booktitle={Florida Conference on Recent Advances in Robotics},
  year={2008}
}

%1
@ARTICLE{6872821, 
author={Z. Wang and B. Chen and J. Wang and M. M. Begovic and C. Chen}, 
journal={IEEE Transactions on Smart Grid}, 
title={Coordinated Energy Management of Networked Microgrids in Distribution Systems}, 
year={2015}, 
volume={6}, 
number={1}, 
pages={45-53}, 
keywords={distributed power generation;energy management systems;power distribution control;base generation setpoints;centralized control;control strategy;coordinated energy management;coordinated operation;deterministic formulation;distribution network operator;distribution systems;generation outputs;networked microgrids;nondispatchable distributed generators;operation costs;scenario reduction method;stochastic bi-level problem;stochastic formulation;Biological system modeling;Electricity;Energy management;Mathematical model;Optimization;Stochastic processes;Uncertainty;Distributed generator (DG);Microgrid (MG);distribution network;mathematical program with complementarity constraints (MPCC);microgrid (MG)}, 
doi={10.1109/TSG.2014.2329846}, 
ISSN={1949-3053}, 
month={Jan},}


%2
@ARTICLE{6839110, 
author={A. Khodaei}, 
journal={IEEE Transactions on Smart Grid}, 
title={Resiliency-Oriented Microgrid Optimal Scheduling}, 
year={2014}, 
volume={5}, 
number={4}, 
pages={1584-1591}, 
keywords={distributed power generation;minimisation;power generation economics;power generation scheduling;adjustable loads scheduling;grid supply interruption;load curtailment reduction;local load supply;microgrid load curtailment minimization;nondispatchable generation;numerical simulations;power system resiliency;resiliency-oriented microgrid optimal scheduling model;robust optimization method;storage scheduling;unit commitment;Energy storage;Islanding;Load modeling;Microgrids;Optimal scheduling;Schedules;Uncertainty;Adjustable load;distributed energy resource (DER);microgrid optimal scheduling;normal and resilient operation;resiliency}, 
doi={10.1109/TSG.2014.2311465}, 
ISSN={1949-3053}, 
month={July},}


%3
@ARTICLE{7010943, 
author={Y. Xiang and J. Liu and Y. Liu}, 
journal={IEEE Transactions on Smart Grid}, 
title={Robust Energy Management of Microgrid With Uncertain Renewable Generation and Load}, 
year={2016}, 
volume={7}, 
number={2}, 
pages={1034-1043}, 
keywords={Monte Carlo methods;Taguchi methods;distributed power generation;energy management systems;optimisation;renewable energy sources;Monte Carlo verification;OA testing method;RG;Taguchi orthogonal array testing method;electricity price exchange;microgrid;optimization problem;scenario-based robust energy management method;total exchange cost maximization;uncertain load;uncertain renewable generation;worst-case scenario;Energy management;Load modeling;Microgrids;Optimization;Robustness;Testing;Uncertainty;Exchange electricity price;microgrid;optimization;orthogonal array (OA);scenarios}, 
doi={10.1109/TSG.2014.2385801}, 
ISSN={1949-3053}, 
month={March},}



%4
@ARTICLE{7194795, 
author={W. Shi and N. Li and C. C. Chu and R. Gadh}, 
journal={IEEE Transactions on Smart Grid}, 
title={Real-Time Energy Management in Microgrids}, 
year={2017}, 
volume={8}, 
number={1}, 
pages={228-238}, 
keywords={Lyapunov methods;distributed power generation;energy management systems;load flow;optimisation;power distribution economics;power grids;Lyapunov optimization;day-ahead scheduling;demand forecasting;microgrid EMS;offline optimization problem;operational constraint;power distribution network;power market;real-time energy management;renewable forecasting;stochastic optimal power flow problem;Batteries;Energy management;Load modeling;Microgrids;Optimization;Real-time systems;Stochastic processes;Distribution networks;Lyapunov optimization;energy management;microgrids;online algorithms;optimal power flow (OPF);real time}, 
doi={10.1109/TSG.2015.2462294}, 
ISSN={1949-3053}, 
month={Jan},}

%5
@article{meeker2015high,
  title={High Penetration Solar PV Deployment Sunshine State Solar Grid Initiative (SUNGRIN) Final Report},
  author={Meeker, Rick and Steurer, Mischa and Faruque, Omar and Li, Hui and Langston, James and Ravindra, Harsha and Schoder, Karl and Bosworth, Matthew and Leonard, Isaac and Soman, Ruturaj and others},
  year={2015}
}

@inproceedings{sun2014joint,
  title={Joint supply, demand, and energy storage management towards microgrid cost minimization},
  author={Sun, Sun and Dong, Min and Liang, Ben},
  booktitle={Smart Grid Communications (SmartGridComm), 2014 IEEE International Conference on},
  pages={109--114},
  year={2014},
  organization={IEEE}
}

@inproceedings{huang2013adaptive,
  title={Adaptive electricity scheduling in microgrids},
  author={Huang, Yingsong and Mao, Shiwen and Nelms, R Mark},
  booktitle={INFOCOM, 2013 Proceedings IEEE},
  pages={1142--1150},
  year={2013},
  organization={IEEE}
}

@article{salinas2013dynamic,
  title={Dynamic energy management for the smart grid with distributed energy resources},
  author={Salinas, Sergio and Li, Ming and Li, Pan and Fu, Yong},
  journal={IEEE Transactions on Smart Grid},
  volume={4},
  number={4},
  pages={2139--2151},
  year={2013},
  publisher={IEEE}
}



@article{yu2016real,
  title={A real-time demand-response algorithm for smart grids: A stackelberg game approach},
  author={Yu, Mengmeng and Hong, Seung Ho},
  journal={IEEE Transactions on Smart Grid},
  volume={7},
  number={2},
  pages={879--888},
  year={2016},
  publisher={IEEE}
}

@article{soares2017active,
  title={Active Distribution Grid Management based on Robust {AC} Optimal Power Flow},
  author={Soares, Tiago and Bessa, Ricardo J and Pinson, Pierre and Morais, Hugo},
  journal={IEEE Transactions on Smart Grid},
  year={2017},
  publisher={IEEE}
}

@article{janakiraman2016elm,
  title={An ELM based predictive control method for HCCI engines},
  author={Janakiraman, Vijay Manikandan and Nguyen, XuanLong and Assanis, Dennis},
  journal={Engineering Applications of Artificial Intelligence},
  volume={48},
  pages={106--118},
  year={2016},
  publisher={Elsevier}
}
@inproceedings{qin1997overview,
  title={An overview of industrial model predictive control technology},
  author={Qin, S Joe and Badgwell, Thomas A},
  booktitle={AIChE Symposium Series},
  volume={93},
  number={316},
  pages={232--256},
  year={1997},
  organization={New York, NY: American Institute of Chemical Engineers, 1971-c2002.}
}
@book{berber2012nonlinear,
  title={Nonlinear model based process control},
  author={Berber, Ridvan and Kravaris, Costas},
  volume={353},
  year={2012},
  publisher={Springer Science \& Business Media}
}
@book{grancharova2012explicit,
  title={Explicit nonlinear model predictive control: Theory and applications},
  author={Grancharova, Alexandra and Johansen, Tor Arne},
  volume={429},
  year={2012},
  publisher={Springer Science \& Business Media}
}
@article{reese2016graph,
  title={A graph search and neural network approach to adaptive nonlinear model predictive control},
  author={Reese, Brandon M and Collins, Emmanuel G},
  journal={Engineering Applications of Artificial Intelligence},
  volume={55},
  pages={250--268},
  year={2016},
  publisher={Elsevier}
}
@article{di1997neural,
  title={Neural generalized predictive control: A Newton-Raphson implementation},
  author={DI, Soloway and PJ, Haley},
  year={1997},
  publisher={NASA Langley Technical Report Server}
}
@article{hart1968formal,
  title={A formal basis for the heuristic determination of minimum cost paths},
  author={Hart, Peter E and Nilsson, Nils J and Raphael, Bertram},
  journal={IEEE transactions on Systems Science and Cybernetics},
  volume={4},
  number={2},
  pages={100--107},
  year={1968},
  publisher={IEEE}
}
@book{maciejowski2002predictive,
  title={Predictive control: with constraints},
  author={Maciejowski, Jan Marian},
  year={2002},
  publisher={Pearson education}
}
@inproceedings{liotta1997real,
  title={Real-time estimation and control of particle size in semi-batch emulsion polymerization},
  author={Liotta, Vincenzo and Georgakis, Christos and El-Aasser, Mohamed S},
  booktitle={American Control Conference, 1997. Proceedings of the 1997},
  volume={2},
  pages={1172--1176},
  year={1997},
  organization={IEEE}
}
@inproceedings{thomas1994shrinking,
  title={Shrinking horizon model predictive control applied to autoclave curing of composite laminate materials},
  author={Thomas, Matthew M and Kardos, JL and Joseph, B},
  booktitle={American Control Conference, 1994},
  volume={1},
  pages={505--509},
  year={1994},
  organization={IEEE}
}

@article{koenig2004lifelong,
  title={Lifelong planning {A}$^*$},
  author={Koenig, Sven and Likhachev, Maxim and Furcy, David},
  journal={Artificial Intelligence},
  volume={155},
  number={1-2},
  pages={93--146},
  year={2004},
  publisher={Elsevier}
}

@article{wolsey2008mixed,
  title={Mixed integer programming},
  author={Wolsey, Laurence A},
  journal={Wiley Encyclopedia of Computer Science and Engineering},
  year={2008},
  publisher={Wiley Online Library}
}

@inproceedings{dunlap2010nonlinear,
  title={Nonlinear model predictive control using sampling and goal-directed optimization},
  author={Dunlap, Damion D and Caldwell, Charmane V and Collins, Emmanuel G},
  booktitle={Control Applications (CCA), 2010 IEEE International Conference on},
  pages={1349--1356},
  year={2010},
  organization={IEEE}
}

@book{dunlap2011book,
  title={Motion Planning for Mobile Robots via Sampling-Based Model Predictive Optimization},
  author={Dunlap, Damion D and Caldwell, Charmane V and Collins, Emmanuel G and Chuy, Oscar},
  editor={Topolov, Andon Venelinov},
  year={2012},
  publisher={InTech}
}


@article{tremblay,
  title={Experimental validation of a battery dynamic model for EV applications},
  author={Tremblay, Olivier and Dessaint, Louis-A},
  journal={World Electric Vehicle Journal},
  volume={3},
  number={1},
  pages={1--10},
  year={2009}
}


@INPROCEEDINGS{energymanajaboulay, 
author={P. A. Jaboulay and W. Zhu and X. Niu and X. Pan and S. Gao}, 
booktitle={2017 IEEE International Conference on Energy Internet (ICEI)}, 
title={Real-Time Energy Management Optimization Using Model Predictive Control on a Microgrid Demonstrator}, 
year={2017}, 
volume={}, 
number={}, 
pages={226-231}, 
keywords={distributed power generation;energy management systems;power generation control;predictive control;battery storage;economic parameters;electric vehicles;error distributions;microgrid demonstrator;microgrid optimization;model predictive control;neural network load forecasting;physical constraints;real-time control algorithm;real-time energy management optimization;sensitivity analysis;solar panels;Artificial neural networks;Batteries;Computer architecture;Mathematical model;Microgrids;Optimization;Real-time systems;distributed generation;microgrid;model predictive control;neural network;optimization;renewable power}, 
doi={10.1109/ICEI.2017.47}, 
ISSN={}, 
month={April},}


@ARTICLE{mpcmorstyn, 
author={T. Morstyn and B. Hredzak and R. P. Aguilera and V. G. Agelidis}, 
journal={IEEE Transactions on Control Systems Technology}, 
title={Model Predictive Control for Distributed Microgrid Battery Energy Storage Systems}, 
year={2017}, 
volume={PP}, 
number={99}, 
pages={1-8}, 
keywords={Batteries;Load modeling;Mathematical model;Microgrids;Optimization;Voltage control;Battery energy storage (ES);energy management;microgrid;model predictive control (MPC);optimal power flow;quadratic programming}, 
doi={10.1109/TCST.2017.2699159}, 
ISSN={1063-6536}, 
month={},}


@INPROCEEDINGS{lp73, 
author={J. Fedjaev and S. A. Amamra and B. Francois}, 
booktitle={2016 IEEE International Power Electronics and Motion Control Conference (PEMC)}, 
title={Linear programming based optimization tool for day ahead energy management of a lithium-ion battery for an industrial microgrid}, 
year={2016}, 
volume={}, 
number={}, 
pages={406-411}, 
keywords={battery storage plants;distributed power generation;energy management systems;government policies;linear programming;load flow;power generation planning;power generation scheduling;power markets;secondary cells;sustainable development;European incentive policies;day ahead energy management;electrical system operation;electrical system planning;electricity market;energy flow;energy storage systems;industrial microgrid;linear programming based optimization tool;lithium-ion battery;renewable energy sources development;Batteries;Energy management;Linear programming;Microgrids;Optimization;State of charge;Lithium-ion battery;energy management system;linear programming;optimization;smart grid;storage}, 
doi={10.1109/EPEPEMC.2016.7752032}, 
ISSN={}, 
month={Sept},}


@INPROCEEDINGS{lp74, 
author={S. Lilla and A. Borghetti and F. Napolitano and F. Tossani and D. Pavanello and D. Gabioud and Y. Maret and C. A. Nucci}, 
booktitle={2017 IEEE Manchester PowerTech}, 
title={Mixed integer programming model for the operation of an experimental low-voltage network}, 
year={2017}, 
volume={}, 
number={}, 
pages={1-6}, 
keywords={distributed power generation;distribution networks;energy management systems;integer programming;power system simulation;HES-SO Valais-Wallis;LV power distribution networks;MILP model;Sion;Western Switzerland;commercial consumers;distributed generation units;energy management system;industrial consumers;low-voltage network;microgrid;mixed integer programming model;residential consumers;storage systems;time 24 hour;Analytical models;Batteries;Mathematical model;Optimization;Reactive power;Voltage measurement;Energy management system;LV networks;Microgrids;Mixed integer linear programming;Prosumers}, 
doi={10.1109/PTC.2017.7981175}, 
ISSN={}, 
month={June},}


@INPROCEEDINGS{lp75, 
author={A. C. Henao-MuÃ±oz and A. J. Saavedra-Montes and C. A. Ramos-Paja}, 
booktitle={2017 14th International Conference on Synthesis, Modeling, Analysis and Simulation Methods and Applications to Circuit Design (SMACD)}, 
title={Energy management system for an isolated microgrid with photovoltaic generation}, 
year={2017}, 
volume={}, 
number={}, 
pages={1-4}, 
keywords={distributed power generation;energy management systems;integer programming;linear programming;photovoltaic power systems;power generation dispatch;Matlab;cost function;distributed generation units;energy management system;isolated microgrid;mixed integer linear programming;operating constraints;optimal power dispatch;optimization problem;photovoltaic generation;reduced linear models;weighted algorithm;Batteries;Energy management;Generators;Mathematical model;Microgrids;Optimization;Photovoltaic systems;Energy management system;isolated microgrids;mixed integer linear programming;photovoltaic generator}, 
doi={10.1109/SMACD.2017.7981571}, 
ISSN={}, 
month={June},}



@INPROCEEDINGS{ga76, 
author={H. Li and C. Zang and P. Zeng and H. Yu and Z. Li}, 
booktitle={2015 IEEE International Conference on Cyber Technology in Automation, Control, and Intelligent Systems (CYBER)}, 
title={A genetic algorithm-based hybrid optimization approach for microgrid energy management}, 
year={2015}, 
volume={}, 
number={}, 
pages={1474-1478}, 
keywords={distributed power generation;energy management systems;genetic algorithms;integer programming;quadratic programming;IBM ILOG CPLEX optimizer;distributed generators;genetic algorithm based hybrid optimization;metaheuristic based hybrid optimization method;microgrid energy management;mixed integer nonlinear programming;quadratic fuel cost;quadratic programming;shut-down state;startup state;Batteries;Energy management;Fuels;Genetic algorithms;Microgrids;Optimal scheduling;Energy management system;Genetic algorithm;Microgrids;Mixed integer nonlinear programming;Optimization}, 
doi={10.1109/CYBER.2015.7288162}, 
ISSN={}, 
month={June},}


@INPROCEEDINGS{ga77, 
author={M. Elsied and A. Oukaour and H. Gualous and R. Hassan and A. Amin}, 
booktitle={2014 IEEE 23rd International Symposium on Industrial Electronics (ISIE)}, 
title={An advanced energy management of microgrid system based on genetic algorithm}, 
year={2014}, 
volume={}, 
number={}, 
pages={2541-2547}, 
keywords={distributed power generation;genetic algorithms;load management;power generation dispatch;EMS;MG system constraints;advanced energy management system;energy costs minimization;genetic algorithm;main grid energy;microgrid system;optimal operating strategy;optimum dispatch;pollutant emissions reduction;renewable resources;winter load demand profile;Biological cells;Electricity;Energy management;Generators;Genetic algorithms;Microgrids;Optimization;distributed generators (DGs);energy management system (EMS);genetic algorithm (GA);microgrid (MG)}, 
doi={10.1109/ISIE.2014.6865020}, 
ISSN={2163-5137}, 
month={June},}


@article{ga78,
  title={Online management genetic algorithms of microgrid for residential application},
  author={Mohamed, Faisal A and Koivo, Heikki N},
  journal={Energy Conversion and Management},
  volume={64},
  pages={562--568},
  year={2012},
  publisher={Elsevier}
}


@INPROCEEDINGS{pso80, 
author={A. T. Eseye and D. Zheng and J. Zhang and Dan Wei}, 
booktitle={2016 IEEE International Conference on Power and Renewable Energy (ICPRE)}, 
title={Optimal energy management strategy for an isolated industrial microgrid using a Modified Particle Swarm Optimization}, 
year={2016}, 
volume={}, 
number={}, 
pages={494-498}, 
keywords={distributed power generation;energy management systems;genetic algorithms;particle swarm optimisation;Beijing;China;Goldwind smart microgrid system;PV solar generator;day-ahead optimization;diesel generator;economical benefit;energy production;energy storage;genetic algorithm;isolated industrial microgrid;load demands;microturbine;modified particle swarm optimization;optimal energy management system;renewable energy resources;renewable energy utilization;stand-alone mode;time 24 hour;wind generator;Economics;Energy management;Load modeling;MATLAB;Mathematical model;Microgrids;Optimization;energy management;genetic algorithm;microgrid;optimization;particle swarm optimization}, 
doi={10.1109/ICPRE.2016.7871126}, 
ISSN={}, 
month={Oct},}



@INPROCEEDINGS{pso81, 
author={S. A. P. Kani and H. Nehrir and C. Colson and C. Wang}, 
booktitle={2011 IEEE Power and Energy Society General Meeting}, 
title={Real-time energy management of a stand-alone hybrid wind-microturbine energy system using particle swarm optimization}, 
year={2011}, 
volume={}, 
number={}, 
pages={1-1}, 
keywords={energy management systems;particle swarm optimisation;power generation dispatch;quadratic programming;wind turbines;biologically-inspired direct search method;energy sustainability;generation assets;microturbine operational efficiency;particle swarm optimization;power generation dispatch;realtime energy management;sequential quadratic programming;stand-alone hybrid wind-microturbine energy system;Biology;Educational institutions;Energy management;Hybrid power systems;Particle swarm optimization;Real time systems;Robustness}, 
doi={10.1109/PES.2011.6039025}, 
ISSN={1932-5517}, 
month={July},}



@INPROCEEDINGS{aco84, 
author={C. M. Colson and M. H. Nehrir and C. Wang}, 
booktitle={2009 IEEE/PES Power Systems Conference and Exposition}, 
title={Ant colony optimization for microgrid multi-objective power management}, 
year={2009}, 
volume={}, 
number={}, 
pages={1-7}, 
keywords={Pareto optimisation;distributed power generation;power distribution control;power generation dispatch;power generation economics;power system management;Pareto optimal dispatch solutions;alternative energy distributed generation;ant colony optimization;constraint satisfaction problem algorithm;economic considerations;electrical power;fuel-resource availability;microgrid dispatch control;microgrid multi-objective power management;power deregulation;power management control;Ant colony optimization;Distributed control;Distributed power generation;Electricity supply industry deregulation;Energy management;Power generation;Power system management;Power transmission;Production;Voltage;Ant colony optimization;constraint satisfaction;microgrid;power management}, 
doi={10.1109/PSCE.2009.4840070}, 
ISSN={}, 
month={March},}




@INPROCEEDINGS{csa86, 
author={B. Papari and C. S. Edrington and T. V. Vu and F. Diaz-Franco}, 
booktitle={2017 IEEE Second International Conference on DC Microgrids (ICDCM)}, 
title={A heuristic method for optimal energy management of DC microgrid}, 
year={2017}, 
volume={}, 
number={}, 
pages={337-343}, 
keywords={distributed power generation;energy management systems;renewable energy sources;DC distribution systems;DC loads;DC microgrid;crow search algorithm;distributed generations;heuristic method;notional test system;optimal energy management;optimal operation;optimization algorithm;renewable energy sources;storage devices;Batteries;Energy management;Linear programming;Optimization;Sociology;Statistics;CSA;DC MG;Energy Management;Optimal Dispatch}, 
doi={10.1109/ICDCM.2017.8001066}, 
ISSN={}, 
month={June},}


@ARTICLE{csa87, 
author={B. Papari and C. S. Edrington and I. Bhattacharya and G. Radman}, 
journal={IEEE Transactions on Smart Grid}, 
title={Effective Energy Management of Hybrid AC-DC Microgrids with Storage Devices}, 
year={2017}, 
volume={PP}, 
number={99}, 
pages={1-1}, 
keywords={Energy storage;Hybrid power systems;Microgrids;Optimization;Photovoltaic systems;Power system stability;DC loads and DGs;Hybrid MG;Optimization Algorithm.;Uncertainty}, 
doi={10.1109/TSG.2017.2736789}, 
ISSN={1949-3053}, 
month={},}



@INPROCEEDINGS{mpc82, 
author={P. A. Jaboulay and W. Zhu and X. Niu and X. Pan and S. Gao}, 
booktitle={2017 IEEE International Conference on Energy Internet (ICEI)}, 
title={Real-Time Energy Management Optimization Using Model Predictive Control on a Microgrid Demonstrator}, 
year={2017}, 
volume={}, 
number={}, 
pages={226-231}, 
keywords={distributed power generation;energy management systems;power generation control;predictive control;battery storage;economic parameters;electric vehicles;error distributions;microgrid demonstrator;microgrid optimization;model predictive control;neural network load forecasting;physical constraints;real-time control algorithm;real-time energy management optimization;sensitivity analysis;solar panels;Artificial neural networks;Batteries;Computer architecture;Mathematical model;Microgrids;Optimization;Real-time systems;distributed generation;microgrid;model predictive control;neural network;optimization;renewable power}, 
doi={10.1109/ICEI.2017.47}, 
ISSN={}, 
month={April},}



@INPROCEEDINGS{mpc83, 
author={T. V. Vu and S. Paran and F. Diaz and T. E. Meyzani and C. S. Edrington}, 
booktitle={IECON 2015 - 41st Annual Conference of the IEEE Industrial Electronics Society}, 
title={Model predictive control for power control in islanded DC microgrids}, 
year={2015}, 
volume={}, 
number={}, 
pages={001610-001615}, 
keywords={distributed power generation;power control;power generation control;predictive control;voltage control;DC bus voltage control;PI controller;PLECS;droop control method;islanded DC microgrid;microgrids;model predictive control;power control;power regulation;Generators;Mathematical model;Microgrids;Power control;Power generation;Predictive control;Voltage control;microgrid;model predictive control;power generator control}, 
doi={10.1109/IECON.2015.7392331}, 
ISSN={}, 
month={Nov},}




@ARTICLE{mc2, 
author={Z. Wang and B. Chen and J. Wang and M. M. Begovic and C. Chen}, 
journal={IEEE Transactions on Smart Grid}, 
title={Coordinated Energy Management of Networked Microgrids in Distribution Systems}, 
year={2015}, 
volume={6}, 
number={1}, 
pages={45-53}, 
keywords={distributed power generation;energy management systems;power distribution control;base generation setpoints;centralized control;control strategy;coordinated energy management;coordinated operation;deterministic formulation;distribution network operator;distribution systems;generation outputs;networked microgrids;nondispatchable distributed generators;operation costs;scenario reduction method;stochastic bi-level problem;stochastic formulation;Biological system modeling;Electricity;Energy management;Mathematical model;Optimization;Stochastic processes;Uncertainty;Distributed generator (DG);Microgrid (MG);distribution network;mathematical program with complementarity constraints (MPCC);microgrid (MG)}, 
doi={10.1109/TSG.2014.2329846}, 
ISSN={1949-3053}, 
month={Jan},}




@ARTICLE{mc3, 
author={A. Khodaei}, 
journal={IEEE Transactions on Smart Grid}, 
title={Resiliency-Oriented Microgrid Optimal Scheduling}, 
year={2014}, 
volume={5}, 
number={4}, 
pages={1584-1591}, 
keywords={distributed power generation;minimisation;power generation economics;power generation scheduling;adjustable loads scheduling;grid supply interruption;load curtailment reduction;local load supply;microgrid load curtailment minimization;nondispatchable generation;numerical simulations;power system resiliency;resiliency-oriented microgrid optimal scheduling model;robust optimization method;storage scheduling;unit commitment;Energy storage;Islanding;Load modeling;Microgrids;Optimal scheduling;Schedules;Uncertainty;Adjustable load;distributed energy resource (DER);microgrid optimal scheduling;normal and resilient operation;resiliency}, 
doi={10.1109/TSG.2014.2311465}, 
ISSN={1949-3053}, 
month={July},}



@ARTICLE{mc4, 
author={Y. Xiang and J. Liu and Y. Liu}, 
journal={IEEE Transactions on Smart Grid}, 
title={Robust Energy Management of Microgrid With Uncertain Renewable Generation and Load}, 
year={2016}, 
volume={7}, 
number={2}, 
pages={1034-1043}, 
keywords={Monte Carlo methods;Taguchi methods;distributed power generation;energy management systems;optimisation;renewable energy sources;Monte Carlo verification;OA testing method;RG;Taguchi orthogonal array testing method;electricity price exchange;microgrid;optimization problem;scenario-based robust energy management method;total exchange cost maximization;uncertain load;uncertain renewable generation;worst-case scenario;Energy management;Load modeling;Microgrids;Optimization;Robustness;Testing;Uncertainty;Exchange electricity price;microgrid;optimization;orthogonal array (OA);scenarios}, 
doi={10.1109/TSG.2014.2385801}, 
ISSN={1949-3053}, 
month={March},}



@inproceedings{rt1,
  title={Joint supply, demand, and energy storage management towards microgrid cost minimization},
  author={Sun, Sun and Dong, Min and Liang, Ben},
  booktitle={Smart Grid Communications (SmartGridComm), 2014 IEEE International Conference on},
  pages={109--114},
  year={2014},
  organization={IEEE}
}


@article{rt2,
  title={A real-time demand-response algorithm for smart grids: A stackelberg game approach},
  author={Yu, Mengmeng and Hong, Seung Ho},
  journal={IEEE Transactions on Smart Grid},
  volume={7},
  number={2},
  pages={879--888},
  year={2016},
  publisher={IEEE}
}

@article{rt3,
  title={Active distribution grid management based on robust AC optimal power flow},
  author={Soares, Tiago and Bessa, Ricardo J and Pinson, Pierre and Morais, Hugo},
  journal={IEEE Transactions on Smart Grid},
  year={2017},
  publisher={IEEE}
}

@article{rt4,
  title={Real-time energy management in microgrids},
  author={Shi, Wenbo and Li, Na and Chu, Chi-Cheng and Gadh, Rajit},
  journal={IEEE Transactions on Smart Grid},
  volume={8},
  number={1},
  pages={228--238},
  year={2017},
  publisher={IEEE}
}


%%%%%%%%%%%%%%%%%%%%%%%OTHER_PAPER%%%%%%%%%%%%
    
@techreport{mitpower,
     title = {{Utility of the Future: An MIT Energy Initiative Response to an Industry in Transition}},
     author = {Christopher Knittel and Ignacio Perez-Arriaga},
     year = {2016},
     institution = {Massachusetts Institute of Technology, Cambridge, MA, US}
}


@online{seia,
  author = {MultiMedia LLC},
  title = {Solar Market Insight Report 2016 Year In Review},
  year = 2016,
  url = {http://www.seia.org/research-resources/solar-market-insight-report-2016-year-review},
  urldate = {2017-07-10}
}


@article{sunshotstudy,
  title={SunShot vision study},
  author={Margolis, R and Coggeshall, C and Zuboy, J},
  journal={US Dept. of Energy},
  volume={2},
  year={2012}
}



@inproceedings{dailycost,
  title={Daily cost minimization for an off-grid renewable microhybrid system installed to a residential home},
  author={Tutkun, Nedim and Can, {\"O}zay and {\c{S}}an, Ender Sinan},
  booktitle={Renewable Energy Research and Applications (ICRERA), 2015 International Conference on},
  pages={750--754},
  year={2015},
  organization={IEEE}
}




@article{optimalpf,
  title={Optimal power flow management for grid connected PV systems with batteries},
  author={Riffonneau, Yann and Bacha, Seddik and Barruel, Franck and Ploix, Stephane},
  journal={IEEE Transactions on Sustainable Energy},
  volume={2},
  number={3},
  pages={309--320},
  year={2011},
  publisher={IEEE}
}


@phdthesis{econbenefit,
  title={The Economic Benefits of Battery Energy Storage System in Electric Distribution System},
  author={Zhang, Tan},
  year={2013},
  school={Worcester Polytechnic Institute}
}


@article{econdispatch,
  title={Economic dispatch and cost analysis on a Power system network interconnected with Solar Farm},
  author={Velamuri, Suresh and Sreejith, S},
  journal={International Journal of Renewable Energy Research (IJRER)},
  volume={5},
  number={4},
  pages={1098--1105},
  year={2015}
}

@inproceedings{modeling,
  title={Modeling and optimal operation of a university campus microgrid},
  author={Dagdougui, Hanane and Dessaint, Louis and Gagnon, Ghyslain and Al-Haddad, Kamal},
  booktitle={Power and Energy Society General Meeting (PESGM), 2016},
  pages={1--5},
  year={2016},
  organization={IEEE}
}


@techreport{sand2016,
     title = {{Multi-Objective Advanced Inverter Controls to Dispatch the Real and Reactive Power of Many Distributed PV Systems}},
     author = {J. Seuss, Matthew Lave, Matthew J. Reno and Santiago Grijalva},
     year = {2016},
     institution = {Sandia National Laboratories, Albuquerque, CA, US}
}


@article{voltage&reactive,
  title={Voltage and reactive power regulation by photovoltaics in distribution systems},
  author={Jahangiri, Pedram},
  year={2014}
}

@article{onlinecoord,
  title={Online coordinated voltage control in distribution systems subjected to structural changes and DG availability},
  author={Ranamuka, Dothinka and Agalgaonkar, Ashish Prakash and Muttaqi, Kashem M},
  journal={IEEE Transactions on Smart Grid},
  volume={7},
  number={2},
  pages={580--591},
  year={2016},
  publisher={IEEE}
}



@article{astatsdemand,
  title={A statistical demand-price model with its application in optimal real-time price},
  author={Yu, Rongshan and Yang, Wenxian and Rahardja, Susanto},
  journal={IEEE Transactions on Smart Grid},
  volume={3},
  number={4},
  pages={1734--1742},
  year={2012},
  publisher={IEEE}
}

@article{rtphome,
  title={Real-time price based home energy management scheduler},
  author={Vivekananthan, Cynthujah and Mishra, Yateendra and Li, Fangxing},
  journal={IEEE Transactions on Power Systems},
  volume={30},
  number={4},
  pages={2149--2159},
  year={2015},
  publisher={IEEE}
}


@article{investigation,
  title={Investigation of voltage stability for residential customers due to high photovoltaic penetrations},
  author={Yan, Ruifeng and Saha, Tapan Kumar},
  journal={IEEE transactions on power systems},
  volume={27},
  number={2},
  pages={651--662},
  year={2012},
  publisher={IEEE}
}



@misc{nrel,
  title = {National Solar Radiation Database (NSRDB)},
  howpublished = {\url{https://nsrdb.nrel.gov/}},
  note = {Accessed: 2017-07-12}
}

@inproceedings{res,
  title={Economic dispatch algorithm considering battery degradation characteristic of energy storage system with PV system},
  author={Eom, Ju-Kyoung and Lee, Soon-Ryung and Ha, Eun-Jung and Choi, Bong-Yeon and Won, Chung-Yuen},
  booktitle={Electrical Machines and Systems (ICEMS), 2014 17th International Conference on},
  pages={849--854},
  year={2014},
  organization={IEEE}
}

@misc{tallahassee,
  title = {Tallahassee Electric Utilities, City of Tallahassee},
  howpublished = {\url{https://www.talgov.com/you/you-electric.aspx}},
  note = {Accessed: 2017-07-12}
}

@book{nrelmetrics,
  title={Metrics for evaluating the accuracy of solar power forecasting},
  author={Zhang, Jie and Hodge, Bri-Mathias and Florita, Anthony and Lu, Siyuan and Hamann, Hendrik F and Banunarayanan, Venkat},
  year={2013},
  publisher={National Renewable Energy Laboratory}
}


@article{eid2016control,
  title={Control methods and objectives for electronically coupled distributed energy resources in microgrids: A review},
  author={Eid, Bilal M and Rahim, Nasrudin Abd and Selvaraj, Jeyraj and El Khateb, Ahmad H},
  journal={IEEE Systems Journal},
  volume={10},
  number={2},
  pages={446--458},
  year={2016},
  publisher={IEEE}
}
@techreport{denholm2016path,
  title={On the Path to SunShot. Emerging Issues and Challenges in Integrating High Levels of Solar into the Electrical Generation and Transmission System},
  author={Denholm, Paul and Clark, Kara and O'Connell, Matt},
  year={2016},
  institution={National Renewable Energy Lab.(NREL), Golden, CO (United States)}
}
@article{kann2016solar,
  title={Solar Market Insight Report 2016 Q3,â},
  author={Kann, Shayle and Shiao, MJ and Honeyman, C and Perea, A and Jones, J and Smith, C and Gallagher, B and Moskowitz, S and Baca, J and Rumery, S and others},
  journal={Solar Energy Industries Association},
  year={2016}
}


%%%%%added_by_alvi%%%%%%%%



%1
@ARTICLE{6872821, 
author={Z. Wang and B. Chen and J. Wang and M. M. Begovic and C. Chen}, 
journal={IEEE Transactions on Smart Grid}, 
title={Coordinated Energy Management of Networked Microgrids in Distribution Systems}, 
year={2015}, 
volume={6}, 
number={1}, 
pages={45-53}, 
keywords={distributed power generation;energy management systems;power distribution control;base generation setpoints;centralized control;control strategy;coordinated energy management;coordinated operation;deterministic formulation;distribution network operator;distribution systems;generation outputs;networked microgrids;nondispatchable distributed generators;operation costs;scenario reduction method;stochastic bi-level problem;stochastic formulation;Biological system modeling;Electricity;Energy management;Mathematical model;Optimization;Stochastic processes;Uncertainty;Distributed generator (DG);Microgrid (MG);distribution network;mathematical program with complementarity constraints (MPCC);microgrid (MG)}, 
doi={10.1109/TSG.2014.2329846}, 
ISSN={1949-3053}, 
month={Jan},}


%2
@ARTICLE{6839110, 
author={A. Khodaei}, 
journal={IEEE Transactions on Smart Grid}, 
title={Resiliency-Oriented Microgrid Optimal Scheduling}, 
year={2014}, 
volume={5}, 
number={4}, 
pages={1584-1591}, 
keywords={distributed power generation;minimisation;power generation economics;power generation scheduling;adjustable loads scheduling;grid supply interruption;load curtailment reduction;local load supply;microgrid load curtailment minimization;nondispatchable generation;numerical simulations;power system resiliency;resiliency-oriented microgrid optimal scheduling model;robust optimization method;storage scheduling;unit commitment;Energy storage;Islanding;Load modeling;Microgrids;Optimal scheduling;Schedules;Uncertainty;Adjustable load;distributed energy resource (DER);microgrid optimal scheduling;normal and resilient operation;resiliency}, 
doi={10.1109/TSG.2014.2311465}, 
ISSN={1949-3053}, 
month={July},}


%3
@ARTICLE{7010943, 
author={Y. Xiang and J. Liu and Y. Liu}, 
journal={IEEE Transactions on Smart Grid}, 
title={Robust Energy Management of Microgrid With Uncertain Renewable Generation and Load}, 
year={2016}, 
volume={7}, 
number={2}, 
pages={1034-1043}, 
keywords={Monte Carlo methods;Taguchi methods;distributed power generation;energy management systems;optimisation;renewable energy sources;Monte Carlo verification;OA testing method;RG;Taguchi orthogonal array testing method;electricity price exchange;microgrid;optimization problem;scenario-based robust energy management method;total exchange cost maximization;uncertain load;uncertain renewable generation;worst-case scenario;Energy management;Load modeling;Microgrids;Optimization;Robustness;Testing;Uncertainty;Exchange electricity price;microgrid;optimization;orthogonal array (OA);scenarios}, 
doi={10.1109/TSG.2014.2385801}, 
ISSN={1949-3053}, 
month={March},}



%4
@ARTICLE{7194795, 
author={W. Shi and N. Li and C. C. Chu and R. Gadh}, 
journal={IEEE Transactions on Smart Grid}, 
title={Real-Time Energy Management in Microgrids}, 
year={2017}, 
volume={8}, 
number={1}, 
pages={228-238}, 
keywords={Lyapunov methods;distributed power generation;energy management systems;load flow;optimisation;power distribution economics;power grids;Lyapunov optimization;day-ahead scheduling;demand forecasting;microgrid EMS;offline optimization problem;operational constraint;power distribution network;power market;real-time energy management;renewable forecasting;stochastic optimal power flow problem;Batteries;Energy management;Load modeling;Microgrids;Optimization;Real-time systems;Stochastic processes;Distribution networks;Lyapunov optimization;energy management;microgrids;online algorithms;optimal power flow (OPF);real time}, 
doi={10.1109/TSG.2015.2462294}, 
ISSN={1949-3053}, 
month={Jan},}

%5
@article{meeker2015high,
  title={High Penetration Solar PV Deployment Sunshine State Solar Grid Initiative (SUNGRIN) Final Report},
  author={Meeker, Rick and Steurer, Mischa and Faruque, Omar and Li, Hui and Langston, James and Ravindra, Harsha and Schoder, Karl and Bosworth, Matthew and Leonard, Isaac and Soman, Ruturaj and others},
  year={2015}
}



@inproceedings{sun2014joint,
  title={Joint supply, demand, and energy storage management towards microgrid cost minimization},
  author={Sun, Sun and Dong, Min and Liang, Ben},
  booktitle={Smart Grid Communications (SmartGridComm), 2014 IEEE International Conference on},
  pages={109--114},
  year={2014},
  organization={IEEE}
}

@inproceedings{huang2013adaptive,
  title={Adaptive electricity scheduling in microgrids},
  author={Huang, Yingsong and Mao, Shiwen and Nelms, R Mark},
  booktitle={INFOCOM, 2013 Proceedings IEEE},
  pages={1142--1150},
  year={2013},
  organization={IEEE}
}

@article{salinas2013dynamic,
  title={Dynamic energy management for the smart grid with distributed energy resources},
  author={Salinas, Sergio and Li, Ming and Li, Pan and Fu, Yong},
  journal={IEEE Transactions on Smart Grid},
  volume={4},
  number={4},
  pages={2139--2151},
  year={2013},
  publisher={IEEE}
}



@article{yu2016real,
  title={A real-time demand-response algorithm for smart grids: A stackelberg game approach},
  author={Yu, Mengmeng and Hong, Seung Ho},
  journal={IEEE Transactions on Smart Grid},
  volume={7},
  number={2},
  pages={879--888},
  year={2016},
  publisher={IEEE}
}

@article{soares2017active,
  title={Active Distribution Grid Management based on Robust {AC} Optimal Power Flow},
  author={Soares, Tiago and Bessa, Ricardo J and Pinson, Pierre and Morais, Hugo},
  journal={IEEE Transactions on Smart Grid},
  year={2017},
  publisher={IEEE}
}

@article{janakiraman2016elm,
  title={An ELM based predictive control method for HCCI engines},
  author={Janakiraman, Vijay Manikandan and Nguyen, XuanLong and Assanis, Dennis},
  journal={Engineering Applications of Artificial Intelligence},
  volume={48},
  pages={106--118},
  year={2016},
  publisher={Elsevier}
}
@inproceedings{qin1997overview,
  title={An overview of industrial model predictive control technology},
  author={Qin, S Joe and Badgwell, Thomas A},
  booktitle={AIChE Symposium Series},
  volume={93},
  number={316},
  pages={232--256},
  year={1997},
  organization={New York, NY: American Institute of Chemical Engineers, 1971-c2002.}
}
@book{berber2012nonlinear,
  title={Nonlinear model based process control},
  author={Berber, Ridvan and Kravaris, Costas},
  volume={353},
  year={2012},
  publisher={Springer Science \& Business Media}
}
@book{grancharova2012explicit,
  title={Explicit nonlinear model predictive control: Theory and applications},
  author={Grancharova, Alexandra and Johansen, Tor Arne},
  volume={429},
  year={2012},
  publisher={Springer Science \& Business Media}
}
@article{reese2016graph,
  title={A graph search and neural network approach to adaptive nonlinear model predictive control},
  author={Reese, Brandon M and Collins, Emmanuel G},
  journal={Engineering Applications of Artificial Intelligence},
  volume={55},
  pages={250--268},
  year={2016},
  publisher={Elsevier}
}
@article{di1997neural,
  title={Neural generalized predictive control: A Newton-Raphson implementation},
  author={DI, Soloway and PJ, Haley},
  year={1997},
  publisher={NASA Langley Technical Report Server}
}
@article{hart1968formal,
  title={A formal basis for the heuristic determination of minimum cost paths},
  author={Hart, Peter E and Nilsson, Nils J and Raphael, Bertram},
  journal={IEEE transactions on Systems Science and Cybernetics},
  volume={4},
  number={2},
  pages={100--107},
  year={1968},
  publisher={IEEE}
}
@book{maciejowski2002predictive,
  title={Predictive control: with constraints},
  author={Maciejowski, Jan Marian},
  year={2002},
  publisher={Pearson education}
}
@inproceedings{liotta1997real,
  title={Real-time estimation and control of particle size in semi-batch emulsion polymerization},
  author={Liotta, Vincenzo and Georgakis, Christos and El-Aasser, Mohamed S},
  booktitle={American Control Conference, 1997. Proceedings of the 1997},
  volume={2},
  pages={1172--1176},
  year={1997},
  organization={IEEE}
}
@inproceedings{thomas1994shrinking,
  title={Shrinking horizon model predictive control applied to autoclave curing of composite laminate materials},
  author={Thomas, Matthew M and Kardos, JL and Joseph, B},
  booktitle={American Control Conference, 1994},
  volume={1},
  pages={505--509},
  year={1994},
  organization={IEEE}
}

@article{koenig2004lifelong,
  title={Lifelong planning {A}$^*$},
  author={Koenig, Sven and Likhachev, Maxim and Furcy, David},
  journal={Artificial Intelligence},
  volume={155},
  number={1-2},
  pages={93--146},
  year={2004},
  publisher={Elsevier}
}

@article{wolsey2008mixed,
  title={Mixed integer programming},
  author={Wolsey, Laurence A},
  journal={Wiley Encyclopedia of Computer Science and Engineering},
  year={2008},
  publisher={Wiley Online Library}
}

@inproceedings{dunlap2010nonlinear,
  title={Nonlinear model predictive control using sampling and goal-directed optimization},
  author={Dunlap, Damion D and Caldwell, Charmane V and Collins, Emmanuel G},
  booktitle={Control Applications (CCA), 2010 IEEE International Conference on},
  pages={1349--1356},
  year={2010},
  organization={IEEE}
}

@book{dunlap2011book,
  title={Motion Planning for Mobile Robots via Sampling-Based Model Predictive Optimization},
  author={Dunlap, Damion D and Caldwell, Charmane V and Collins, Emmanuel G and Chuy, Oscar},
  editor={Topolov, Andon Venelinov},
  year={2012},
  publisher={InTech}
}


@article{tremblay,
  title={Experimental validation of a battery dynamic model for EV applications},
  author={Tremblay, Olivier and Dessaint, Louis-A},
  journal={World Electric Vehicle Journal},
  volume={3},
  number={1},
  pages={1--10},
  year={2009}
}


@INPROCEEDINGS{energymanajaboulay, 
author={P. A. Jaboulay and W. Zhu and X. Niu and X. Pan and S. Gao}, 
booktitle={2017 IEEE International Conference on Energy Internet (ICEI)}, 
title={Real-Time Energy Management Optimization Using Model Predictive Control on a Microgrid Demonstrator}, 
year={2017}, 
volume={}, 
number={}, 
pages={226-231}, 
keywords={distributed power generation;energy management systems;power generation control;predictive control;battery storage;economic parameters;electric vehicles;error distributions;microgrid demonstrator;microgrid optimization;model predictive control;neural network load forecasting;physical constraints;real-time control algorithm;real-time energy management optimization;sensitivity analysis;solar panels;Artificial neural networks;Batteries;Computer architecture;Mathematical model;Microgrids;Optimization;Real-time systems;distributed generation;microgrid;model predictive control;neural network;optimization;renewable power}, 
doi={10.1109/ICEI.2017.47}, 
ISSN={}, 
month={April},}


@ARTICLE{mpcmorstyn, 
author={T. Morstyn and B. Hredzak and R. P. Aguilera and V. G. Agelidis}, 
journal={IEEE Transactions on Control Systems Technology}, 
title={Model Predictive Control for Distributed Microgrid Battery Energy Storage Systems}, 
year={2017}, 
volume={PP}, 
number={99}, 
pages={1-8}, 
keywords={Batteries;Load modeling;Mathematical model;Microgrids;Optimization;Voltage control;Battery energy storage (ES);energy management;microgrid;model predictive control (MPC);optimal power flow;quadratic programming}, 
doi={10.1109/TCST.2017.2699159}, 
ISSN={1063-6536}, 
month={},}


@INPROCEEDINGS{lp73, 
author={J. Fedjaev and S. A. Amamra and B. Francois}, 
booktitle={2016 IEEE International Power Electronics and Motion Control Conference (PEMC)}, 
title={Linear programming based optimization tool for day ahead energy management of a lithium-ion battery for an industrial microgrid}, 
year={2016}, 
volume={}, 
number={}, 
pages={406-411}, 
keywords={battery storage plants;distributed power generation;energy management systems;government policies;linear programming;load flow;power generation planning;power generation scheduling;power markets;secondary cells;sustainable development;European incentive policies;day ahead energy management;electrical system operation;electrical system planning;electricity market;energy flow;energy storage systems;industrial microgrid;linear programming based optimization tool;lithium-ion battery;renewable energy sources development;Batteries;Energy management;Linear programming;Microgrids;Optimization;State of charge;Lithium-ion battery;energy management system;linear programming;optimization;smart grid;storage}, 
doi={10.1109/EPEPEMC.2016.7752032}, 
ISSN={}, 
month={Sept},}


@INPROCEEDINGS{lp74, 
author={S. Lilla and A. Borghetti and F. Napolitano and F. Tossani and D. Pavanello and D. Gabioud and Y. Maret and C. A. Nucci}, 
booktitle={2017 IEEE Manchester PowerTech}, 
title={Mixed integer programming model for the operation of an experimental low-voltage network}, 
year={2017}, 
volume={}, 
number={}, 
pages={1-6}, 
keywords={distributed power generation;distribution networks;energy management systems;integer programming;power system simulation;HES-SO Valais-Wallis;LV power distribution networks;MILP model;Sion;Western Switzerland;commercial consumers;distributed generation units;energy management system;industrial consumers;low-voltage network;microgrid;mixed integer programming model;residential consumers;storage systems;time 24 hour;Analytical models;Batteries;Mathematical model;Optimization;Reactive power;Voltage measurement;Energy management system;LV networks;Microgrids;Mixed integer linear programming;Prosumers}, 
doi={10.1109/PTC.2017.7981175}, 
ISSN={}, 
month={June},}


@INPROCEEDINGS{lp75, 
author={A. C. Henao-MuÃ±oz and A. J. Saavedra-Montes and C. A. Ramos-Paja}, 
booktitle={2017 14th International Conference on Synthesis, Modeling, Analysis and Simulation Methods and Applications to Circuit Design (SMACD)}, 
title={Energy management system for an isolated microgrid with photovoltaic generation}, 
year={2017}, 
volume={}, 
number={}, 
pages={1-4}, 
keywords={distributed power generation;energy management systems;integer programming;linear programming;photovoltaic power systems;power generation dispatch;Matlab;cost function;distributed generation units;energy management system;isolated microgrid;mixed integer linear programming;operating constraints;optimal power dispatch;optimization problem;photovoltaic generation;reduced linear models;weighted algorithm;Batteries;Energy management;Generators;Mathematical model;Microgrids;Optimization;Photovoltaic systems;Energy management system;isolated microgrids;mixed integer linear programming;photovoltaic generator}, 
doi={10.1109/SMACD.2017.7981571}, 
ISSN={}, 
month={June},}



@INPROCEEDINGS{ga76, 
author={H. Li and C. Zang and P. Zeng and H. Yu and Z. Li}, 
booktitle={2015 IEEE International Conference on Cyber Technology in Automation, Control, and Intelligent Systems (CYBER)}, 
title={A genetic algorithm-based hybrid optimization approach for microgrid energy management}, 
year={2015}, 
volume={}, 
number={}, 
pages={1474-1478}, 
keywords={distributed power generation;energy management systems;genetic algorithms;integer programming;quadratic programming;IBM ILOG CPLEX optimizer;distributed generators;genetic algorithm based hybrid optimization;metaheuristic based hybrid optimization method;microgrid energy management;mixed integer nonlinear programming;quadratic fuel cost;quadratic programming;shut-down state;startup state;Batteries;Energy management;Fuels;Genetic algorithms;Microgrids;Optimal scheduling;Energy management system;Genetic algorithm;Microgrids;Mixed integer nonlinear programming;Optimization}, 
doi={10.1109/CYBER.2015.7288162}, 
ISSN={}, 
month={June},}


@INPROCEEDINGS{ga77, 
author={M. Elsied and A. Oukaour and H. Gualous and R. Hassan and A. Amin}, 
booktitle={2014 IEEE 23rd International Symposium on Industrial Electronics (ISIE)}, 
title={An advanced energy management of microgrid system based on genetic algorithm}, 
year={2014}, 
volume={}, 
number={}, 
pages={2541-2547}, 
keywords={distributed power generation;genetic algorithms;load management;power generation dispatch;EMS;MG system constraints;advanced energy management system;energy costs minimization;genetic algorithm;main grid energy;microgrid system;optimal operating strategy;optimum dispatch;pollutant emissions reduction;renewable resources;winter load demand profile;Biological cells;Electricity;Energy management;Generators;Genetic algorithms;Microgrids;Optimization;distributed generators (DGs);energy management system (EMS);genetic algorithm (GA);microgrid (MG)}, 
doi={10.1109/ISIE.2014.6865020}, 
ISSN={2163-5137}, 
month={June},}


@article{ga78,
  title={Online management genetic algorithms of microgrid for residential application},
  author={Mohamed, Faisal A and Koivo, Heikki N},
  journal={Energy Conversion and Management},
  volume={64},
  pages={562--568},
  year={2012},
  publisher={Elsevier}
}


@INPROCEEDINGS{pso80, 
author={A. T. Eseye and D. Zheng and J. Zhang and Dan Wei}, 
booktitle={2016 IEEE International Conference on Power and Renewable Energy (ICPRE)}, 
title={Optimal energy management strategy for an isolated industrial microgrid using a Modified Particle Swarm Optimization}, 
year={2016}, 
volume={}, 
number={}, 
pages={494-498}, 
keywords={distributed power generation;energy management systems;genetic algorithms;particle swarm optimisation;Beijing;China;Goldwind smart microgrid system;PV solar generator;day-ahead optimization;diesel generator;economical benefit;energy production;energy storage;genetic algorithm;isolated industrial microgrid;load demands;microturbine;modified particle swarm optimization;optimal energy management system;renewable energy resources;renewable energy utilization;stand-alone mode;time 24 hour;wind generator;Economics;Energy management;Load modeling;MATLAB;Mathematical model;Microgrids;Optimization;energy management;genetic algorithm;microgrid;optimization;particle swarm optimization}, 
doi={10.1109/ICPRE.2016.7871126}, 
ISSN={}, 
month={Oct},}



@INPROCEEDINGS{pso81, 
author={S. A. P. Kani and H. Nehrir and C. Colson and C. Wang}, 
booktitle={2011 IEEE Power and Energy Society General Meeting}, 
title={Real-time energy management of a stand-alone hybrid wind-microturbine energy system using particle swarm optimization}, 
year={2011}, 
volume={}, 
number={}, 
pages={1-1}, 
keywords={energy management systems;particle swarm optimisation;power generation dispatch;quadratic programming;wind turbines;biologically-inspired direct search method;energy sustainability;generation assets;microturbine operational efficiency;particle swarm optimization;power generation dispatch;realtime energy management;sequential quadratic programming;stand-alone hybrid wind-microturbine energy system;Biology;Educational institutions;Energy management;Hybrid power systems;Particle swarm optimization;Real time systems;Robustness}, 
doi={10.1109/PES.2011.6039025}, 
ISSN={1932-5517}, 
month={July},}



@INPROCEEDINGS{aco84, 
author={C. M. Colson and M. H. Nehrir and C. Wang}, 
booktitle={2009 IEEE/PES Power Systems Conference and Exposition}, 
title={Ant colony optimization for microgrid multi-objective power management}, 
year={2009}, 
volume={}, 
number={}, 
pages={1-7}, 
keywords={Pareto optimisation;distributed power generation;power distribution control;power generation dispatch;power generation economics;power system management;Pareto optimal dispatch solutions;alternative energy distributed generation;ant colony optimization;constraint satisfaction problem algorithm;economic considerations;electrical power;fuel-resource availability;microgrid dispatch control;microgrid multi-objective power management;power deregulation;power management control;Ant colony optimization;Distributed control;Distributed power generation;Electricity supply industry deregulation;Energy management;Power generation;Power system management;Power transmission;Production;Voltage;Ant colony optimization;constraint satisfaction;microgrid;power management}, 
doi={10.1109/PSCE.2009.4840070}, 
ISSN={}, 
month={March},}




@INPROCEEDINGS{csa86, 
author={B. Papari and C. S. Edrington and T. V. Vu and F. Diaz-Franco}, 
booktitle={2017 IEEE Second International Conference on DC Microgrids (ICDCM)}, 
title={A heuristic method for optimal energy management of DC microgrid}, 
year={2017}, 
volume={}, 
number={}, 
pages={337-343}, 
keywords={distributed power generation;energy management systems;renewable energy sources;DC distribution systems;DC loads;DC microgrid;crow search algorithm;distributed generations;heuristic method;notional test system;optimal energy management;optimal operation;optimization algorithm;renewable energy sources;storage devices;Batteries;Energy management;Linear programming;Optimization;Sociology;Statistics;CSA;DC MG;Energy Management;Optimal Dispatch}, 
doi={10.1109/ICDCM.2017.8001066}, 
ISSN={}, 
month={June},}


@ARTICLE{csa87, 
author={B. Papari and C. S. Edrington and I. Bhattacharya and G. Radman}, 
journal={IEEE Transactions on Smart Grid}, 
title={Effective Energy Management of Hybrid AC-DC Microgrids with Storage Devices}, 
year={2017}, 
volume={PP}, 
number={99}, 
pages={1-1}, 
keywords={Energy storage;Hybrid power systems;Microgrids;Optimization;Photovoltaic systems;Power system stability;DC loads and DGs;Hybrid MG;Optimization Algorithm.;Uncertainty}, 
doi={10.1109/TSG.2017.2736789}, 
ISSN={1949-3053}, 
month={},}



@INPROCEEDINGS{mpc82, 
author={P. A. Jaboulay and W. Zhu and X. Niu and X. Pan and S. Gao}, 
booktitle={2017 IEEE International Conference on Energy Internet (ICEI)}, 
title={Real-Time Energy Management Optimization Using Model Predictive Control on a Microgrid Demonstrator}, 
year={2017}, 
volume={}, 
number={}, 
pages={226-231}, 
keywords={distributed power generation;energy management systems;power generation control;predictive control;battery storage;economic parameters;electric vehicles;error distributions;microgrid demonstrator;microgrid optimization;model predictive control;neural network load forecasting;physical constraints;real-time control algorithm;real-time energy management optimization;sensitivity analysis;solar panels;Artificial neural networks;Batteries;Computer architecture;Mathematical model;Microgrids;Optimization;Real-time systems;distributed generation;microgrid;model predictive control;neural network;optimization;renewable power}, 
doi={10.1109/ICEI.2017.47}, 
ISSN={}, 
month={April},}



@INPROCEEDINGS{mpc83, 
author={T. V. Vu and S. Paran and F. Diaz and T. E. Meyzani and C. S. Edrington}, 
booktitle={IECON 2015 - 41st Annual Conference of the IEEE Industrial Electronics Society}, 
title={Model predictive control for power control in islanded DC microgrids}, 
year={2015}, 
volume={}, 
number={}, 
pages={001610-001615}, 
keywords={distributed power generation;power control;power generation control;predictive control;voltage control;DC bus voltage control;PI controller;PLECS;droop control method;islanded DC microgrid;microgrids;model predictive control;power control;power regulation;Generators;Mathematical model;Microgrids;Power control;Power generation;Predictive control;Voltage control;microgrid;model predictive control;power generator control}, 
doi={10.1109/IECON.2015.7392331}, 
ISSN={}, 
month={Nov},}




@ARTICLE{mc2, 
author={Z. Wang and B. Chen and J. Wang and M. M. Begovic and C. Chen}, 
journal={IEEE Transactions on Smart Grid}, 
title={Coordinated Energy Management of Networked Microgrids in Distribution Systems}, 
year={2015}, 
volume={6}, 
number={1}, 
pages={45-53}, 
keywords={distributed power generation;energy management systems;power distribution control;base generation setpoints;centralized control;control strategy;coordinated energy management;coordinated operation;deterministic formulation;distribution network operator;distribution systems;generation outputs;networked microgrids;nondispatchable distributed generators;operation costs;scenario reduction method;stochastic bi-level problem;stochastic formulation;Biological system modeling;Electricity;Energy management;Mathematical model;Optimization;Stochastic processes;Uncertainty;Distributed generator (DG);Microgrid (MG);distribution network;mathematical program with complementarity constraints (MPCC);microgrid (MG)}, 
doi={10.1109/TSG.2014.2329846}, 
ISSN={1949-3053}, 
month={Jan},}




@ARTICLE{mc3, 
author={A. Khodaei}, 
journal={IEEE Transactions on Smart Grid}, 
title={Resiliency-Oriented Microgrid Optimal Scheduling}, 
year={2014}, 
volume={5}, 
number={4}, 
pages={1584-1591}, 
keywords={distributed power generation;minimisation;power generation economics;power generation scheduling;adjustable loads scheduling;grid supply interruption;load curtailment reduction;local load supply;microgrid load curtailment minimization;nondispatchable generation;numerical simulations;power system resiliency;resiliency-oriented microgrid optimal scheduling model;robust optimization method;storage scheduling;unit commitment;Energy storage;Islanding;Load modeling;Microgrids;Optimal scheduling;Schedules;Uncertainty;Adjustable load;distributed energy resource (DER);microgrid optimal scheduling;normal and resilient operation;resiliency}, 
doi={10.1109/TSG.2014.2311465}, 
ISSN={1949-3053}, 
month={July},}



@ARTICLE{mc4, 
author={Y. Xiang and J. Liu and Y. Liu}, 
journal={IEEE Transactions on Smart Grid}, 
title={Robust Energy Management of Microgrid With Uncertain Renewable Generation and Load}, 
year={2016}, 
volume={7}, 
number={2}, 
pages={1034-1043}, 
keywords={Monte Carlo methods;Taguchi methods;distributed power generation;energy management systems;optimisation;renewable energy sources;Monte Carlo verification;OA testing method;RG;Taguchi orthogonal array testing method;electricity price exchange;microgrid;optimization problem;scenario-based robust energy management method;total exchange cost maximization;uncertain load;uncertain renewable generation;worst-case scenario;Energy management;Load modeling;Microgrids;Optimization;Robustness;Testing;Uncertainty;Exchange electricity price;microgrid;optimization;orthogonal array (OA);scenarios}, 
doi={10.1109/TSG.2014.2385801}, 
ISSN={1949-3053}, 
month={March},}







%%%%%%%%%%%%%%%%%%%%%%%%%%%%%%%%%%%%%%%%%%%%%%%%%%%%%%%%%%%%%%%%%%%%%%%%%%%%%%%%%%%%%%%%%%%%%%%%%%%%%
%%%%%%%%%%%%%%%%%%%%%%%%%%% CVC REFS %%%%%%%%%%%%%%%%%%%%%%%%%%%%%%%%%%%%%%%%%%%%%%%%%%%%%%%%%%%%%%%%
%%%%%%%%%%%%%%%%%%%%%%%%%%%%%%%%%%%%%%%%%%%%%%%%%%%%%%%%%%%%%%%%%%%%%%%%%%%%%%%%%%%%%%%%%%%%%%%%%%%%%