
@techreport{SG,
  title={High Penetration Solar PV Deployment Sunshine State Solar Grid Initiative (SUNGRIN)},
  author={Meeker, Rick and Steurer, Mischa and Faruque, MD and Langston, James and Schoder, Karl and Ravindra, Harsha and Hariri, Ali and Moaveni, Houtan and Click, Dave and Reedy, Bob},
  year={2015},
  institution={Florida State University}
}


@ARTICLE{int1, 
author={D. Ranamuka and A. P. Agalgaonkar and K. M. Muttaqi},
journal={IEEE Transactions on Smart Grid}, 
title={Online Coordinated Voltage Control in Distribution Systems Subjected to Structural Changes and DG Availability},
year={2016}, 
volume={7}, 
number={2}, 
pages={580-591}, 
doi={10.1109/TSG.2015.2497339}, 
ISSN={1949-3053}, 
month={March},}


@ARTICLE{int2, 
author={W. Sheng and K. Liu and S. Cheng and X. Meng and W. Dai}, 
journal={IEEE Transactions on Smart Grid}, 
title={A Trust Region SQP Method for Coordinated Voltage Control in Smart Distribution Grid}, 
year={2016}, 
volume={7}, 
number={1}, 
pages={381-391}, 
doi={10.1109/TSG.2014.2376197}, 
ISSN={1949-3053}, 
month={Jan},}


@phdthesis{Th_ali,
title={Simulation Tools and Techniques for Analyzing the Impacts of Photovoltaic System Integration},
school={Florida State University},
author={Hariri, Ali},
year={2017}
}

@article{int4,
title={Reactive Power Control in Utility-Scale PV},
url={https://solarprofessional.com/articles/design-installation/reactive-power-control-in-utility-scale-pv},
number={7.4},
journal={SolarPro Magazine},
author={Brucke, Paul},
year={2014}
}


@article{PINV,
author = {Golub, G. and Kahan, W.},
title = {Calculating the Singular Values and Pseudo-Inverse of a Matrix},
journal = {Journal of the Society for Industrial and Applied Mathematics Series B Numerical Analysis},
volume = {2},
number = {2},
pages = {205-224},
year = {1965},
doi = {10.1137/0702016},

URL = { 
        https://doi.org/10.1137/0702016
    
},
eprint = { 
        https://doi.org/10.1137/0702016
    
}

}


%%%%%%%%%%%%%%%%%%%%%%%%%%%%%%%%%%%%%%%%%%%%%%%%%%%%%%%%%%%%%%%%%%
@ARTICLE{LR1, 
author={Z. Tang and D. J. Hill and T. Liu and H. Ma}, 
journal={IEEE Transactions on Power Systems}, 
title={Hierarchical Voltage Control of Weak Subtransmission Networks With High Penetration of Wind Power}, 
year={2018}, 
volume={33}, 
number={1}, 
pages={187-197}, 
doi={10.1109/TPWRS.2017.2700996}, 
ISSN={0885-8950}, 
month={Jan},}

@ARTICLE{LR2, 
author={Z. Wang and H. Chen and J. Wang and M. Begovic}, 
journal={IEEE Transactions on Smart Grid}, 
title={Inverter-Less Hybrid Voltage/Var Control for Distribution Circuits With Photovoltaic Generators}, 
year={2014}, 
volume={5}, 
number={6}, 
pages={2718-2728}, 
doi={10.1109/TSG.2014.2324569}, 
ISSN={1949-3053}, 
month={Nov},}

@ARTICLE{LR3, 
author={X. Su and M. A. S. Masoum and P. J. Wolfs}, 
journal={IEEE Transactions on Power Systems}, 
title={Multi-Objective Hierarchical Control of Unbalanced Distribution Networks to Accommodate More Renewable Connections in the Smart Grid Era}, 
year={2016}, 
volume={31}, 
number={5}, 
pages={3924-3936}, 
ISSN={0885-8950}, 
month={Sept},}

@ARTICLE{LR4, 
author={L. Wang and F. Bai and R. Yan and T. K. Saha}, 
journal={IEEE Transactions on Power Systems}, 
title={Real-Time Coordinated Voltage Control of PV Inverters and Energy Storage for Weak Networks With High PV Penetration}, 
year={2018}, 
volume={33}, 
number={3}, 
pages={3383-3395}, 
doi={10.1109/TPWRS.2018.2789897}, 
ISSN={0885-8950}, 
month={May},}

@ARTICLE{LR5, 
author={S. W. Alnaser and L. F. Ochoa}, 
journal={IEEE Transactions on Power Systems}, 
title={Advanced Network Management Systems: A Risk-Based AC OPF Approach}, 
year={2015}, 
volume={30}, 
number={1}, 
pages={409-418}, 
doi={10.1109/TPWRS.2014.2320901}, 
ISSN={0885-8950}, 
month={Jan},}