@book{INTRO0,
  title={Solar energy: renewable energy and the environment},
  author={Foster, Robert and Ghassemi, Majid and Cota, Alma},
  year={2009},
  publisher={CRC Press}
}


@book{INTRO1,
  title={Solar energy: renewable energy and the environment},
  author={Foster, Robert and Ghassemi, Majid and Cota, Alma},
  year={2009},
  publisher={CRC Press}
}

@misc{EIA2018,
title={what is u.s. electricity generation by energy source? - faq - u.s. energy information administration (eia) 2018},
url={https://www.eia.gov/tools/faqs/faq.php?id=427&t=3},
journal={Eia.gov},
year={2018}
}

@inproceedings{khan2009review,
  title={Review of technologies and implementation strategies in the area of smart grid},
  author={Khan, Hammad A and Xu, Zhen and Iu, Herbert and Sreeram, Victor},
  booktitle={2009 Australasian Universities Power Engineering Conference},
  pages={1--6},
  year={2009},
  organization={IEEE}
}

@article{bignucolo2008radial,
  title={Radial MV networks voltage regulation with distribution management system coordinated controller},
  author={Bignucolo, Fabio and Caldon, Roberto and Prandoni, Valter},
  journal={Electric power systems research},
  volume={78},
  number={4},
  pages={634--645},
  year={2008},
  publisher={Elsevier}
}

@article{series2009microgrids,
  title={Microgrids and active distribution networks},
  author={Series, IRE},
  journal={The Institution of Engineering and Technology},
  year={2009}
}

@article{NEW_GRID,
  title={100\% Green Computing At The Wrong Location?},
  author={Kienle, Frank and de Schryver, Christian},
  year={2012}
}


@article{GE1,
  title={Grid-scale energy storage applications in renewable energy integration: A survey},
  author={Castillo, Anya and Gayme, Dennice F},
  journal={Energy Conversion and Management},
  volume={87},
  pages={885--894},
  year={2014},
  publisher={Elsevier}
}

@article{GE2,
  title={DOE Global Energy Storage Database},
  author={DOE, US},
  journal={United States Department of Energy. Office of Electricity \& Energy Reliability [Online]},
  year={2017}
}

@techreport{HPPV,
  title={High penetration photovoltaic case study report},
  author={Bank, J and Mather, B and Keller, J and Coddington, M},
  year={2013},
  institution={National Renewable Energy Lab.(NREL), Golden, CO (United States)}
}

@inproceedings{GPI1,
  title={Solar power plant design and interconnection},
  author={Camm, EH and Williams, SE},
  booktitle={2011 IEEE Power and Energy Society General Meeting},
  pages={1--3},
  year={2011},
  organization={IEEE}
}

@inproceedings{GP2,
  title={Impact of high PV penetration into distribution networks under contingencies},
  author={Roy, NK and Pota, HR},
  booktitle={2013 IEEE International Conference on Smart Energy Grid Engineering (SEGE)},
  pages={1--4},
  year={2013},
  organization={IEEE}
}

@inproceedings{GP3,
  title={Impact of high PV penetration into distribution networks under contingencies},
  author={Roy, NK and Pota, HR},
  booktitle={2013 IEEE International Conference on Smart Energy Grid Engineering (SEGE)},
  pages={1--4},
  year={2013},
  organization={IEEE}
}

@inproceedings{GP4,
  title={Investigation and resonances damping of multiple PV inverters},
  author={He, Jinwei and Li, Yun Wei and Bosnjak, Dubravko and Harris, Brent},
  booktitle={2012 Twenty-Seventh Annual IEEE Applied Power Electronics Conference and Exposition (APEC)},
  pages={246--253},
  year={2012},
  organization={IEEE}
}

@inproceedings{GP5,
  title={On DC injection to AC grids from distributed generation},
  author={Gertmar, Lars and Karlsson, Per and Samuelsson, Olof},
  booktitle={2005 European Conference on Power Electronics and Applications},
  pages={10--pp},
  year={2005},
  organization={IEEE}
}

@article{GP6,
  title={Photovoltaic generation penetration limits in radial distribution systems},
  author={Shayani, Rafael Amaral and de Oliveira, Marco Aur{\'e}lio Gon{\c{c}}alves},
  journal={IEEE Transactions on Power Systems},
  volume={26},
  number={3},
  pages={1625--1631},
  year={2011},
  publisher={IEEE}
}

@article{GP7,
  title={Impact of high PV penetration on distribution transformer insulation life},
  author={Pezeshki, Houman and Wolfs, Peter J and Ledwich, Gerard},
  journal={IEEE Transactions on Power Delivery},
  volume={29},
  number={3},
  pages={1212--1220},
  year={2014},
  publisher={IEEE}
}

@book{TPI1,
  title={Power quality},
  author={Sankaran, C},
  year={2001},
  publisher={CRC press}
}

@article{TPI2,
  title={IEEE recommended practice for monitoring electric power quality},
  author={Smith, J Charles and Hensley, G and Ray, L},
  journal={IEEE Std},
  pages={1159--1995},
  year={1995}
}

@article{ILAND_1,
  title={IEEE Guide for Conducting Distribution Impact Studies for Distributed Resource Interconnection},
  author={Photovoltaics, Dispersed Generation and Storage, Energy}
}

@INPROCEEDINGS{ILAND_2, 
author={R. A. {Walling} and N. W. {Miller}}, 
booktitle={IEEE Power Engineering Society Summer Meeting,}, 
title={Distributed generation islanding-implications on power system dynamic performance}, 
year={2002}, 
volume={1}, 
number={}, 
pages={92-96 vol.1}, 
doi={10.1109/PESS.2002.1043183}, 
ISSN={}, 
month={July},}

@INPROCEEDINGS{VR1, 
author={H. {Li} and S. {Ge} and H. {Liu}}, 
booktitle={2012 Asia-Pacific Power and Energy Engineering Conference}, 
title={Analysis of the Effect of Distributed Generation on Power Grid}, 
year={2012}, 
volume={}, 
number={}, 
pages={1-5}, 
doi={10.1109/APPEEC.2012.6307248}, 
ISSN={2157-4847}, 
month={March},}


@INPROCEEDINGS{VR2, 
author={H. {Ravindra} and M. {Omar Faruque} and K. {Schoder} and M. {Steurer} and P. {Mclaren} and R. {Meeker}}, 
booktitle={PES T D 2012}, 
title={Dynamic interactions between distribution network voltage regulators for large and distributed PV plants}, 
year={2012}, 
volume={}, 
number={}, 
pages={1-8}, 
doi={10.1109/TDC.2012.6281599}, 
ISSN={2160-8563}, 
month={May},}

@ARTICLE{PRO1, 
author={}, 
journal={IEEE Std 1250-2011 (Revision of IEEE Std 1250-1995)}, 
title={IEEE Guide for Identifying and Improving Voltage Quality in Power Systems}, 
year={2011}, 
volume={}, 
number={}, 
pages={1-70}, 
doi={10.1109/IEEESTD.2011.5744556}, 
ISSN={}, 
month={March},}

@INPROCEEDINGS{PRO2, 
author={B. {Hussain} and S. M. {Sharkh} and S. {Hussain}}, 
booktitle={SPEEDAM 2010}, 
title={Impact studies of distributed generation on power quality and protection setup of an existing distribution network}, 
year={2010}, 
volume={}, 
number={}, 
pages={1243-1246}, 
doi={10.1109/SPEEDAM.2010.5545061}, 
ISSN={}, 
month={June},}

@ARTICLE{SG1, 
author={H. {Farhangi}}, 
journal={IEEE Power and Energy Magazine}, 
title={The path of the smart grid}, 
year={2010}, 
volume={8}, 
number={1}, 
pages={18-28}, 
keywords={electricity supply industry;power grids;smart grid;electrical power industry;energy cost;mass electrification;business processes;Smart grids;Power grids;Information technology;Communications technology;Power systems;Mesh generation;Power generation;Load management;Fuels;Energy conversion}, 
doi={10.1109/MPE.2009.934876}, 
ISSN={1540-7977}, 
month={January},}


@misc{ADMS_1,
title={Advanced Distribution Management},
url={https://new.siemens.com/global/en/products/energy/energy-automation-and-smart-grid/grid-applications/spectrum-power/advanced-distribution-management.html},
journal={siemens.com Global Website},
year={2019}
}

@MISC{ADMS_2,
   author =       {Dan Ton},
   title =        {Microgrid Controls and Management System},
   month =        {July},
   year =         {2015},
   url =          "\url{https://www.nrel.gov/esif/assets/pdfs/agct_day1_koehler.pdf}",
   note =         {[Online; Accessed 5 Oct 2017]},
 }

@MISC{DERMS_1,
   author =       {Schneider Electric},
   title =        {Using Advanced Functionalities for Automated Grid Control},
   month =        {July},
   year =         {2015},
   url =          "\url{https://www.nrel.gov/esif/assets/pdfs/agct_day1_koehler.pdf}",
   note =         {[Online; Accessed 5 Oct 2017]},
 }