@article{VC_1,
  title={Review of control strategies for voltage regulation of the smart distribution network with high penetration of renewable distributed generation},
  author={Mahmud, Nasif and Zahedi, A},
  journal={Renewable and Sustainable Energy Reviews},
  volume={64},
  pages={582--595},
  year={2016},
  publisher={Elsevier}
}


@article{CE_VC_1,
  title={Coordinated voltage control in distribution network with renewable energy based distributed generation},
  author={Sarmin, Mohd Khairun Nizam Mohd and Nakawiro, Worawat and Wanik, MohdZamriChe and Siam, Mohd FadzilMohd and Hussien, ZahrulFaizi and Ibrahim, Ahmad Asrul and Hussin, Ahmad Kamil Mat},
  journal={Engineering},
  volume={5},
  number={01},
  pages={208},
  year={2013},
  publisher={Scientific Research Publishing}
}

@article{CE_VC_2,
  title={Coordinated voltage control of distribution networks hosting dispersed generation},
  author={Van Cutsem, Thierry and Valverde, Gustavo},
  year={2013},
  publisher={IET}
}



@article{CE_VC_3,
  title={Optimal distributed voltage regulation for secondary networks with DGs},
  author={Yu, Li and Czarkowski, Dariusz and De Le{\'o}n, Francisco},
  journal={IEEE Transactions on Smart Grid},
  volume={3},
  number={2},
  pages={959--967},
  year={2012},
  publisher={IEEE}
}

@article{CE_VC_4,
  title={Coordination between OLTC and SVC for voltage regulation in unbalanced distribution system distributed generation},
  author={Daratha, Novalio and Das, Biswarup and Sharma, Jaydev},
  journal={IEEE Transactions on Power Systems},
  volume={29},
  number={1},
  pages={289--299},
  year={2014},
  publisher={IEEE}
}

@article{CE_VC_5,
  title={Centralized voltage control for distribution networks with embedded PV systems},
  author={Cagnano, A and De Tuglie, E},
  journal={Renewable energy},
  volume={76},
  pages={173--185},
  year={2015},
  publisher={Elsevier}
}

@article{CE_VC_6,
  title={Real-time optimal voltage regulation for distribution networks incorporating high penetration of PEVs},
  author={Azzouz, Maher Abdelkhalek and Shaaban, Mostafa F and El-Saadany, Ehab F},
  journal={IEEE Transactions on Power Systems},
  volume={30},
  number={6},
  pages={3234--3245},
  year={2015},
  publisher={IEEE}
}

@article{CE_VC_7,
  title={Coordinated control of distributed energy storage system with tap changer transformers for voltage rise mitigation under high photovoltaic penetration},
  author={Liu, Xiaohu and Aichhorn, Andreas and Liu, Liming and Li, Hui},
  journal={IEEE Transactions on Smart Grid},
  volume={3},
  number={2},
  pages={897--906},
  year={2012},
  publisher={IEEE}
}

@article{DB_VC_1,
  title={Distributed and decentralized voltage control of smart distribution networks: models, methods, and future research},
  author={Antoniadou-Plytaria, Kyriaki E and Kouveliotis-Lysikatos, Iasonas N and Georgilakis, Pavlos S and Hatziargyriou, Nikos D},
  journal={IEEE Transactions on smart grid},
  volume={8},
  number={6},
  pages={2999--3008},
  year={2017},
  publisher={IEEE}
}


