% Encoding: UTF-8

@Article{Alvi1,
  author  = {Ruifeng Yan and Tapan Kumar Saha},
  title   = {Investigation of Voltage Stability for Residential Customers Due to High Photovoltaic Penetrations},
  journal = {IEEE Transactions on Power Systems},
  year    = {2012},
  volume  = {27},
  pages   = {651--662},
  issue   = {2},
}

@Article{Alvi2,
  author  = {Wanxing Sheng and Ke-yan Liu and Sheng Cheng},
  title   = {A Trust Region SQP Method for Coordinated Voltage Control in Smart Distribution Grid},
  journal = {IEEE Transactions on Smart Grid},
  year    = {2016},
  volume  = {7},
  pages   = {381--391},
  issue   = {1},
}

@Article{Alvi3,
  author  = {Dothinka Ranamuka and Ashish Prakash Agalgaonkar and Kashem M. Muttaqi},
  title   = {Online Coordinated Voltage Control in Distribution Systems Subjected to Structural Changes and DG Availability},
  journal = {IEEE Transactions on Smart Grid},
  year    = {2016},
  volume  = {7},
  pages   = {580--591},
  issue   = {2},
}

@TechReport{Alvi4,
  author    = {R. Meeker and M. Steurer and M.O. Faruque},
  title     = {High penetration solar PV deployment sunshine state grid initiative (SUNGRIN)},
  year      = {2015},
  location  = {Tallahassee},
  publisher = {Center for Advanced Power Systems},
}

@Article{Alvi5,
  author  = {Ali Hariri and Alvi Newaz and M. Faruque},
  title   = {Open-source python-OpenDSS interface for hybrid simulation of PV impact studies},
  journal = {ET Generation, Transmission \& Distribution},
  year    = {2017},
}

@Online{Mat17,
  title          = {MEX File Creation API - MATLAB \& Simulink},
  year           = {2017},
  msbib-accessed = {March 22, 2017},
  url            = {https://www.mathworks.com/help/matlab/call-mex-files-1.html},
}

@Article{alvi7,
  author  = {Johanna Barr and Ritwik Majumder},
  title   = {Integration of Distributed Generation in the Volt/VAR Management System for Active Distribution Networks},
  journal = {IEEE Transactions on Smart Grid},
  year    = {2015},
  volume  = {6},
  pages   = {576--586},
  issue   = {2},
}

@Online{Tes17,
  title                   = {Tesla Powerpack},
  year                    = {2017},
  msbib-accessed          = {March 29, 2017},
  msbib-productioncompany = {Tesla.com},
  url                     = {https://www.tesla.com/powerpack},
}

@Online{Mat171,
  title          = {Fuzzy Logic Toolbox - MATLAB},
  year           = {2017},
  msbib-accessed = {April 12, 2017},
  url            = {https://www.mathworks.com/products/fuzzy-logic.html},
}

@Article{IEE08,
  title   = {IEEE Standard for Floating-Point Arithmetic},
  journal = {IEEE Standard 754},
  year    = {2008},
}

@Misc{XIL11,
  title          = {Xilinx DS335 Floating-Point Operator v5.0, data sheet},
  month          = {mar},
  year           = {2011},
  msbib-accessed = {April 12, 2017},
  msbib-day      = {1},
  url            = {https://www.xilinx.com/support/documentation/ip_documentation/floating_point_ds335.pdf},
}

@Misc{XIL17,
  title          = {vivado System Generator for DSP},
  year           = {2017},
  msbib-accessed = {April 12, 2017},
  url            = {https://www.xilinx.com/products/design-tools/vivado/integration/sysgen.html},
}

@Article{MAM99,
  author  = {E.H. MAMDAN and S. ASSILIAN},
  title   = {An Experiment in Linguistic Synthesis with a Fuzzy Logic Controller},
  journal = {International Journal of Human-Computer Studies},
  year    = {1999},
  volume  = {51},
  pages   = {135--147},
  issue   = {2},
}

@Book{Tim10,
  title     = {Chapter 4},
  publisher = {John Wiley \& Sons, Ltd},
  year      = {2010},
  author    = {J. Ross Timothy},
  booktitle = {Fuzzy Logic with Engineering Applications, Third Edition},
  pages     = {105--106},
}

@Online{OPA15,
  title          = {RT-LAB XHP Mode Description | OPAL-RT Knowledge Base},
  month          = {may},
  year           = {2015},
  msbib-accessed = {April 17, 2017},
  msbib-day      = {06},
  url            = {http://www.opal-rt.com/KMP/index.php?/article/AA-00545/0/RT-LAB-XHP-Mode-Description.html},
}

@Article{Pet68,
  author  = {E. Hart Peter and J. Nilsson Nils and Bertram Raphael},
  title   = {A Formal Basis for the Heuristic Determination of Minimum Cost Paths},
  journal = {IEEE Transactions on Systems Science and Cybernetics},
  year    = {July 1968},
  volume  = {4},
  pages   = {100--107},
  issue   = {2},
}

@Book{Ali17,
  title     = {Simulation Tools and Techniques for Analyzing the Impacts of Photovoltaic SystemIntegration},
  publisher = {Florida state university},
  year      = {2017},
  author    = {Ali Hariri},
  booktitle = {PhD thesis},
}

@Online{NYI2,
  title                   = {NYISO (Markets \& Operations - Market Data - Pricing - Data)},
  year                    = {2},
  msbib-accessed          = {Aug 07, 2017},
  msbib-productioncompany = {New Yourk Independent System Operator},
  url                     = {http://www.nyiso.com/public/markets_operations/market_data/pricing_data/index.jsp},
}

@Online{NSR17,
  title                   = {NSRDB VIEWER | NATIONAL SOLAR RADIATION DATABASE (NSRDB)},
  msbib-accessed          = {Aug 08, 2017},
  msbib-productioncompany = {National Renewable Energy Laboratory (NREL)},
  url                     = {https://nsrdb.nrel.gov/nsrdb-viewer},
}

@Online{Bus14,
  title          = {NRG Energy and MidAmerican Solar Complete Agua Caliente, the World\&rsquo;s Largest Fully-Operational Solar Photovoltaic Facility},
  month          = {apr},
  year           = {2014},
  msbib-accessed = {Sep 17, 2017},
  msbib-day      = {12},
  url            = {http://www.businesswire.com/news/home/20140429005803/en/NRG-Energy-MidAmerican-Solar-Complete-Agua-Caliente#.VCo3w_ldWAM.},
}

@Online{qui17,
  title                   = {quiet revollution vertical axis wind turbine},
  msbib-accessed          = {Oct 3, 2017},
  msbib-productioncompany = {VWT Power Ltd},
  url                     = {https://www.quietrevolution.com/},
}

@Article{IEE111,
  title   = {IEEE Guide for Identifying and Improving Voltage Quality in Power Systems},
  journal = {IEEE Standard 1250},
  year    = {2011},
}

@Book{RTe11,
  title     = {Grid Converters for Photovoltaic and Wind Energy Systems},
  publisher = {John Wiley and Sons, Ltd.},
  year      = {2011},
  author    = {M. Liserre and P. Rodriguez, Eds. R. Teodorescu},
}

@Online{Sch18,
  title                   = {Energu Management System (EMS) | Schneider Electric},
  msbib-accessed          = {Oct 1, 2017},
  msbib-productioncompany = {Schneider Electric},
  url                     = {https://www.schneider-electric.us/en/work/solutions/for-business/s4/electric-utilities-energy-management-system/},
}

@Online{Gen17,
  title          = {Energy Management Systems :: GE Grid Solutions},
  msbib-accessed = {Oct 1, 2017},
  url            = {https://www.gegridsolutions.com/software_solutions/EnergyManagement.htm},
}

@Online{Gen171,
  title          = {e-terraplatform :: GE Grid Solutions},
  msbib-accessed = {Oct 1, 2017},
  url            = {https://www.gegridsolutions.com/software_solutions/catalog/eterraplatform.htm},
}

@Online{Gen172,
  title          = {PowerOn Reliance},
  msbib-accessed = {Oct 1, 2017},
  url            = {https://www.gegridsolutions.com/Software_solutions/catalog/poweronreliance.htm},
}

@TechReport{Fue13,
  title     = {The Fuel Cell Industry Review},
  year      = {2013},
  publisher = {FuelCellToday},
}

@Article{Moh17,
  author  = {Mohammed Masum Siraj Khan and Md Omar Faruque and Alvi Newaz},
  title   = {Browse Journals \& Magazines > IEEE Transactions on Energy C... > Volume: 32 Issue: 2 < Previous | Back to Results},
  journal = {IEEE Transactions on Energy Conversion},
  year    = {2017},
  volume  = {32},
  pages   = {798--809},
  issue   = {2},
}

@Article{HeG18,
  author  = {Guannan He and Qixin Chen and Panayiotis Moutis and Soummya Kar and Jay F. Whitacre},
  title   = {An intertemporal decision framework for electrochemical energy storage management},
  journal = {Nature Energy},
  year    = {2018},
  volume  = {3},
  pages   = {404--412},
}

@Book{Var92,
  title     = {Microeconomic analysis},
  publisher = {Norton},
  year      = {1992},
  author    = {Hal R Varian},
  location  = {New York},
}

@InProceedings{Gup18,
  author       = {Nikhil Gupta and Griffin Francis and Juan Ospina and Alvi Newaz},
  title        = {Cost Optimal Control of Microgrids Having Solar Power and Energy Storage},
  year         = {2018},
  organization = {2018 IEEE PES Transmission and Distribution Conference \& Exposition (T\&D 2018)},
}

@Article{Pur14,
  author  = {Justin Purewal and John Wang and Jason Graetz and Souren Soukiazian and Harshad Tataria and Mark W. Verbrugge},
  title   = {Degradation of lithium ion batteries employing graphite negatives and nickel–cobalt–manganese oxide + spinel manganese oxide positives: Part 2, chemical–mechanical degradation model},
  journal = {Journal of Power Sources},
  year    = {2014},
  volume  = {272},
  pages   = {1154--1161},
}

@Online{NOR17,
  title          = {Zengamina Hydro Project | North West Zambia Development Trust},
  msbib-accessed = {Ovt 3, 2017},
  url            = {http://www.nwzdt.org/?page_id=22},
}

@Online{EIA17,
  title                   = {What is U.S. electricity generation by energy source? - FAQ - U.S. Energy Information Administration(EIA)},
  month                   = {apr},
  year                    = {2017},
  msbib-accessed          = {Oct 5, 2017},
  msbib-day               = {18},
  msbib-productioncompany = {U.S. Energy Information Administration},
  url                     = {https://www.eia.gov/tools/faqs/faq.php?id=427&t=3},
}

@Online{USE17,
  title          = {What is U.S. electricity generation by energy source? - FAQ - U.S. Energy Information Administration (EIA)},
  month          = {apr},
  year           = {2017},
  msbib-accessed = {Sep 28, 2017},
  msbib-day      = {18},
  url            = {https://www.eia.gov/tools/faqs/faq.php?id=427&t=3},
}

@Article{Moh16,
  author  = {Mohseni-Bonab S.M. and Rabiee A. and Mohammadi-Ivatloo B.},
  title   = {Voltage stability constrained multi-objective optimal reactive power dispatch under load and wind power uncertainties: a stochastic approach},
  journal = {Renew. Energy},
  year    = {2016},
  volume  = {85},
  pages   = {598–609},
}

@Misc{Sch151,
  title          = {Using Advanced Functionalities for Automated Grid Control},
  month          = {jul},
  year           = {2015},
  msbib-accessed = {Oct 5, 2017},
  msbib-day      = {7},
  url            = {https://www.nrel.gov/esif/assets/pdfs/agct_day1_koehler.pdf},
}

@TechReport{NRE12,
  title     = {U.S. Renewable Energy Technical Potentials: A GIS - Based Analysis},
  year      = {2012},
  publisher = {U.S. Department of Energy},
}

@TechReport{Cen16,
  title     = {U.S. Grid Energy Storage},
  year      = {2016},
  publisher = {Unverrsity of Michigan},
}

@Article{Man15,
  author  = {Manjathu Valappil and Manoj Kumar and Mahesh Kumar Mishra},
  title   = {Three-leg inverter-based distribution static compensator topology for compensating unbalanced and non-linear loads},
  journal = {IET Power Electronics},
  year    = {2015},
  volume  = {8},
  pages   = {2076--2084},
  issue   = {11},
}

@InProceedings{BPR11,
  author       = {B. P. Roberts and C. Sandberg},
  title        = {The Role of Energy Storage in Development of Smart Grids},
  year         = {2011},
  organization = {Proceedings of the IEEE},
}

@InProceedings{GJo00,
  author       = {G. Joos and B. T. Ooi and D. McGillis and F. D. Galiana and R. Marceau},
  title        = {The potential of distributed generation to provide ancillary services},
  year         = {2000},
  organization = {IEEE Power Eng. Soc. Summer Meeting},
  location     = {Seattle, WA, USA},
}

@Online{Sci17,
  title          = {The photovoltaic effect},
  msbib-accessed = {Sep 29, 2017},
  url            = {http://scienzagiovane.unibo.it/English/solar-energy/3-photovoltaic-effect.html},
}

@Article{Far17,
  author    = {H. Farhangi},
  title     = {The path of the smart grid},
  journal   = {IEEE Power and Energy Magazine},
  year      = {2017},
  volume    = {8},
  pages     = {18--28},
  booktitle = {IEEE Power and Energy Magazine},
  issue     = {1},
}

@Article{The04,
  title   = {The Impact of Distributed Resources on Distribution Relaying Protection},
  journal = {Power System Relaying Committee, IEEE Power Engineering Society},
  year    = {August 2004},
}

@TechReport{E4t16,
  title     = {The fuel Cell industry Review},
  year      = {2016},
  publisher = {E4tech},
}

@InProceedings{MUs10,
  author       = {M. Uslar and S. Rohjansand and R. Bleiker and J. Gonz alez and M. Specht and T. Suding and T. Weidelt},
  title        = {Survey of smart grid standardization studies and recommendations - part 2},
  year         = {2010},
  organization = {IEEE PES},
  publisher    = {IEEE PES'10},
}

@Article{HuZ10,
  author  = {Z. Hu and X. Wang and G Taylor},
  title   = {Stochastic optimal reactive power dispatch: formulation and solution method},
  journal = {Int. J. Electr. Power Energy Syst},
  year    = {2010},
  volume  = {32},
  pages   = {615–621},
  issue   = {6},
}

@InProceedings{AGi15,
  author       = {A. Giovannelli},
  title        = {State of the Art on Small-Scale Concentrated Solar Power},
  year         = {2015},
  organization = {ATI 2015 - 70th Conference of the ATI Engineering Association},
}

@Online{SIE17,
  title          = {Spectrum-Power-ADMS},
  msbib-accessed = {Oct 1, 2017},
  url            = {http://w3.usa.siemens.com/smartgrid/us/en/distribution-grid/products/adms/Pages/Spectrum-Power-ADMS.aspx},
}

@InProceedings{Wil11,
  author       = {Williams E. H. and Camm S. E.},
  title        = {Solar Power Plant Design and Interconnection},
  year         = {2011},
  organization = {IEEE Power and Energy Society General Meeting},
}

@Online{NRE17,
  title          = {Solar Photovoltaic Technology Basics | NREL},
  msbib-accessed = {Sep 23, 2017},
  url            = {https://www.nrel.gov/workingwithus/re-photovoltaics.html},
}

@Book{Fos10,
  title     = {Solar Energy: Renewable Energy and the Environment},
  publisher = {New York: CRC Press Taylor \& Francis Group},
  year      = {2010},
  author    = {R. Foster and M. Ghassemi and A. Cota},
}

@Article{Bos10,
  author  = {A. Bose},
  title   = {Smart transmission grid applications and their supporting infrastructure},
  journal = {IEEE Trans. Smart Grid},
  year    = {2010},
  volume  = {1},
  pages   = {11--19},
  issue   = {1},
}

@Misc{Sma09,
  title     = {Smart Meters Coordination Group: Report of the second meeting held on 2009-09-28 and approval of SM- CG work program for EC submission},
  year      = {2009},
  publisher = {European Committee for Electrotechnical Standardization (CENELEC)},
}

@Article{VGu11,
  author  = {V. Gungor and D. Sahin and T. Kocak and S. Ergut and C. Buccella and C. Cecati and G. Hancke},
  title   = {Smart Grid Technologies: Communication Technologies and Standards},
  journal = {EEE Transactions on Industrial Informatics},
  year    = {2011},
  volume  = {7},
  pages   = {529--539},
  issue   = {4},
}

@Online{Pow17,
  author         = {Powerelectronics.com},
  title          = {Smart Grid Success Will Rely On System Solutions},
  msbib-accessed = {Mar 06, 2017},
  url            = {http://powerelectronics.com/power-electronics-systems/smart-gfid-success-will-rely-system-solutions},
}

@Article{GMo13,
  author  = {G. Mokhtari and G. Nourbakhsh and A. Ghosh},
  title   = {Smart coordination of energy storage units (ESUs) for voltage and loading management in distribution networks},
  journal = {IEEE Trans. Power Syst},
  year    = {2013},
  volume  = {28},
  pages   = {4812–4820},
  issue   = {4},
}

@Online{Off17,
  title                   = {Small Wind Electric Systems | Department of Energy},
  msbib-accessed          = {Oct 03, 2017},
  msbib-productioncompany = {U.S. DEPARTMENT OF ENERGY},
  url                     = {https://energy.gov/energysaver/small-wind-electric-systems},
}

@Article{ABi13,
  author  = {A. Bidram and A. Davoudi and F. L. Lewis and Z. Qu},
  title   = {Secondary control of microgrids based on distributed cooperative control of multi-agent systems},
  journal = {IET Gen. Transm. Distrib},
  year    = {2013},
  volume  = {7},
  pages   = {822--831},
  issue   = {8},
}

@Online{Ame17,
  title          = {Savannah River Site Biomass Cogeneration Facility - Ameresco},
  msbib-accessed = {Oct 7, 2017},
  url            = {http://www.ameresco.com/portfolio-item/savannah-river-site-biomass-cogeneration-facility/},
}

@TechReport{Pie16,
  author    = {Pieter Gagnon and Robert Margolis and Jennifer Melius and Caleb Phillips and Ryan Elmore},
  title     = {Rooftop Solar Photovoltaic Technical Potential in the United States: A Detailed Assessment},
  year      = {2016},
  publisher = {National Renewable Energy Laboratory},
}

@Article{Yue16,
  author  = {Yue Xiang and Junyong Liu and Yilu Liu},
  title   = {Robust Energy Management of Microgrid With Uncertain Renewable Generation and Load},
  journal = {IEEE Transactions on Smart Grid},
  year    = {2016},
  volume  = {7},
  pages   = {1034--1043},
  issue   = {2},
}

@InProceedings{HAK09,
  author       = {H. A. Khan and X. Zhen and H. Iu and V. Sreeram},
  title        = {Review of technologies and implementation strategies in the area of smart grid},
  year         = {2009},
  volume       = {6},
  organization = {Proc. Power Eng. Conf},
  issue        = {2},
  journal      = {IEEE TRANSACTIONS ON SMART GRID},
  location     = {Adelaide, SA, Australia},
}

@Article{Nas16,
  author  = {Mahmud Nasif and A. Zahedi},
  title   = {Review of control strategies for voltage regulation of the smart distribution network with high penetration of renewable distributed generation},
  journal = {In Renewable and Sustainable Energy Reviews},
  year    = {2016},
  volume  = {64},
  pages   = {582--595},
}

@Article{HZh16,
  author  = {H. Zhan and et al.},
  title   = {Relay Protection Coordination Integrated Optimal Placement and Sizing of Distributed Generation Sources in Distribution Networks},
  journal = {IEEE Transactions on Smart Grid},
  year    = {2016},
  volume  = {7},
  pages   = {55--65},
  issue   = {1},
}

@Article{MAA15,
  author  = {M. A. Azzouz and M. F. Shaaban and E. F. El-Saadany},
  title   = {Real-Time Optimal Voltage Regulation for Distribution Networks Incorporating High Penetration of PEVs},
  journal = {EEE Transactions on Power Systems},
  year    = {2015},
  volume  = {30},
  pages   = {3234--3245},
  issue   = {6},
}

@Article{Wen17,
  author  = {Wenbo Shi and Na Li and Chi-Cheng Chu and Rajit Gadh},
  title   = {Real-Time Energy Management in Microgrids},
  journal = {IEEE TRANSACTIONS ON SMART GRID,},
  year    = {2017},
  volume  = {8},
  pages   = {228--238},
  issue   = {1},
}

@Article{FBi08,
  author  = {F. Bignucolo and R. Caldon and V. Prandoni},
  title   = {Radial MV networks voltage regulation with distribution management system coordinated controller},
  journal = {Elect. Power Syst. Res},
  year    = {2008.},
  volume  = {78},
  pages   = {634–645},
  issue   = {4},
}

@Article{EDass,
  author  = {E. Dall Anese and A. Simonetto},
  title   = {Optimal power flow pursuit},
  journal = {IEEE Trans. Smart Grid},
  year    = {article in press},
}

@Misc{Mar05,
  author    = {Martin Geidl},
  title     = {Protection of Power Systems with Distributed Generation: State of the Art},
  year      = {2005},
  publisher = {Power Systems Lab. ETH Zurich},
}

@InProceedings{Loi09,
  author       = {Loix T and Wijnhoven T and Deconinck G},
  title        = {Protection of microgrids with a high penetration of inverter-coupled energy sources},
  year         = {2009},
  organization = {2009 CIGRE/IEEE PES joint symposium integration of wide-scale renewable resources into the power delivery system},
}

@Article{Moh15,
  author  = {Mohseni-Bonab S.M. and Rabiee A. and et al. Jalilzadeh S.},
  title   = {Probabilistic multi objective optimal reactive power dispatch considering load uncertainties using Monte Carlo simulations},
  journal = {J. Oper. Autom. Power Eng.},
  year    = {2015},
  volume  = {3},
  pages   = {83–93},
  issue   = {1},
}

@Online{GE17,
  title          = {PowerOn_fusion.pdf},
  msbib-accessed = {Oct 1, 2017},
  url            = {https://www.gegridsolutions.com/products/brochures/uos/PowerOn_fusion.pdf},
}

@Book{San01,
  title     = {Power Quality},
  publisher = {CRC Press},
  year      = {2001},
  author    = {C. Sankaran},
}

@Article{Sha10,
  author  = {Shayani Rafael Amaral and Oliveira Marco Aurélio Gonçalves de},
  title   = {Photovoltaic Generation Penetration Limits in Radial Distribution Systems},
  journal = {IEEE Transactions on Power Systems},
  year    = {2010},
  volume  = {26},
  pages   = {1625--1631},
  issue   = {3},
}

@Article{FFa15,
  author  = {F. Farzan and M. A. Jafari and Y. Lu R. Masiello},
  title   = {oward optimal day-ahead scheduling and operation control of microgrids under uncertainty},
  journal = {IEEE Trans. Smart Grid},
  year    = {2015},
  volume  = {6},
  pages   = {499--507},
  issue   = {2},
}

@InProceedings{ASB17,
  author       = {A. S. Bedi and M. W. Ahmad and K. Rajawat and S. Anand},
  title        = {Optimal utilization of storage systems under real-time pricing},
  year         = {2017},
  organization = {2017 IEEE International Conference on Communications Workshops (ICC Workshops)},
  location     = {Paris},
}

@Article{BAR16,
  author  = {B. A. Robbins and H. Zhu and A. D. Domínguez-García},
  title   = {Optimal tap setting of voltage regulation transformers in unbalanced distribution},
  journal = {EEE Trans. Power Syst},
  year    = {2016},
  volume  = {31},
  pages   = {256–267},
  issue   = {1},
}

@Article{Sey17,
  author  = {Seyed Masoud Mohseni-Bonab and Abbas Rabiee},
  title   = {Optimal reactive power dispatch: a review,and a new stochastic voltage stabilityconstrained multi-objective model at the presence of uncertain wind power generation},
  journal = {IET Generation, Transmission \& Distribution},
  year    = {2017},
  volume  = {11},
  pages   = {815–829},
  issue   = {4},
}

@Article{BAR161,
  author  = {Domínguez-García B. A. and Robbins A. D.},
  title   = {Optimal reactive power dispatch for voltage regulation in unbalanced distribution systems},
  journal = {IEEE Trans. Power Syst},
  year    = {2016},
  volume  = {31},
  pages   = {2903–2913},
  issue   = {4},
}

@InProceedings{MAT05,
  author       = {M. A. Talebi and A. Kazemi and A. Gholami and M. Rajabi},
  title        = {Optimal placement of Static VAR Compensators in distribution feeders for load balancing by genetic, algorithm},
  year         = {2005},
  organization = {CIRED 2005 - 18th International Conference and Exhibition on Electricity Distribution},
  location     = {Turin, Italy},
}

@Article{LiY12,
  author  = {Li Yu and Dariusz Czarkowski and Francisco de León},
  title   = {Optimal distributed voltage regulation for secondary networks with DGs},
  journal = {IEEE Trans Smart Grid},
  year    = {2012},
  volume  = {3},
  pages   = {959--967},
  issue   = {2},
}

@Article{PMv13,
  author  = {P. M. van de Ven and N. Hegde and L. Massoulié and T. Salonidis},
  title   = {Optimal Control of End-User Energy Storage,},
  journal = {EEE Transactions on Smart Grid},
  year    = {2013},
  volume  = {4},
  pages   = {789--797},
  issue   = {2},
}

@Article{Ran16,
  author  = {Dothinka Ranamuka and Ashish Prakash Agalgaonkar and Kashem M Muttaqi},
  title   = {Online coordinated voltage control in distribution systems subjected to structural changes and DG availability},
  journal = {EEE Transactions on Smart Grid},
  year    = {2016},
  volume  = {7},
  pages   = {580--591},
  issue   = {2},
}

@InProceedings{Ger05,
  author       = {L. Gertmar and P. Karlsson and Samuelsson O.},
  title        = {On DC injection to AC grids from distributed generation},
  year         = {2005},
  organization = {2005 European Conference on Power Electronics and Applications},
}

@Article{Zhi10,
  author  = {Zhihuan L. and Yinhong L. and Xianzhong D.},
  title   = {Non-dominated sorting genetic algorithm-Ii for robust multi-objective optimal reactive power dispatch},
  journal = {IET Gener. Transm. Distrib},
  year    = {2010},
  volume  = {4},
  pages   = {1000--1008},
  issue   = {9},
}

@InProceedings{LHY12,
  author       = {L. H. Yang and G. S. Yun and L. Hong},
  title        = {nalysis of the Effect of Distributed Generation on Power Grid},
  year         = {2012},
  organization = {Power and Energy Engineering Conference},
}

@Article{Lia15,
  author  = {Liang R.-H. and Wang J.-C. and Chen Y.-T. et al.},
  title   = {n enhanced firefly algorithm to multi-objective optimal active/reactive power dispatch with uncertainties consideration},
  journal = {Int. J. Electr. Power Energy Syst.},
  year    = {2015},
  volume  = {64},
  pages   = {1088–1097},
}

@Article{ACh13,
  author  = {A. Chaouachi and R. M. Kamel and R. Andoulsi and K. Nagasaka},
  title   = {Multiobjective intelligent energy management for a microgrid},
  journal = {IEEE Trans. Ind. Electron},
  year    = {2013},
  volume  = {60},
  pages   = {688--1699},
  issue   = {4},
}

@InProceedings{Con09,
  author       = {Conti S and Raffa L and Vagliasindi U},
  title        = {Mnovative solutions for protection schemes in autonomous mv micro-grids},
  year         = {2009},
  organization = {International conference on clean electrical power},
}

@InProceedings{BBh11,
  author       = {Bhalja B and Shah PH},
  title        = {Miscoordination of relay in radial distribution network containing distributed generation},
  year         = {2011},
  organization = {recent advances in intelligent},
  location     = {Trivandrum, India},
}

@InProceedings{SCh09,
  author       = {S. Chowdhury and S. P. Chowdhury and P. Crossley},
  title        = {Microgrids and Active Distribution Networks},
  year         = {2009},
  organization = {IET},
  location     = {London, U.K},
}

@Article{AKh14,
  author  = {A. Khodaei},
  title   = {Microgrid optimal scheduling with multi-period islanding constraints},
  journal = {EEE Trans. Power Syst},
  year    = {2014},
  volume  = {29},
  pages   = {1383--1392},
  issue   = {3},
}

@TechReport{Sam09,
  author    = {Samantaray SR and Joos G and Kamwa I},
  title     = {Microgrid fault protection based on symmetrical and differential current components},
  year      = {2009},
  publisher = {Power Systems Engineering Research Centre},
}

@Misc{Sch15,
  title          = {Microgrid Controls and Management System},
  month          = {jul},
  year           = {2015},
  msbib-accessed = {Oct 5, 2017},
  msbib-day      = {7},
  url            = {https://www.nrel.gov/esif/assets/pdfs/agct_day1_koehler.pdf},
}

@InProceedings{Sun14,
  author       = {Sun Sun and Min Dong and Ben Liang},
  title        = {Joint supply, demand, and energy storage management towards microgrid cost minimization},
  year         = {2014},
  organization = {2014 IEEE International Conference on Smart Grid Communications (SmartGridComm)},
}

@InProceedings{JHe12,
  author       = {J. He and Y. W. Li and D. Bosnjak and B. Harris},
  title        = {Investigation and Resonance Damping of Multiple PV Inverters},
  year         = {2012},
  organization = {IEEE Applied Power Electronics Conference and Exposition},
}

@Article{Bar15,
  author  = {Johanna Barr and Ritwik Majumder},
  title   = {Integration of distributed generation in the volt/var management system for active distribution networks},
  journal = {IEEE Transactions on Smart Grid},
  year    = {2015},
  volume  = {6},
  pages   = {576--586},
  issue   = {2},
}

@InProceedings{NKR13,
  author       = {Pota N. and K. Roy},
  title        = {Impacts of High PV Penetration into Distribution Networks Under Contingencies},
  year         = {2013},
  organization = {IEEE International Conference on Smart Energy Grid Engineering},
}

@InProceedings{BHu10,
  author       = {B. Hussain and S. M. Sharkh and S. Hussain},
  title        = {Impact Studies of Distributed Generation on Power Quality and Protection setup of an Existing Distribution Network,” International Symposium on Power Electronics, Electrical Drives},
  year         = {2010},
  organization = {International Symposium on Power Electronics, Electrical Drives, Automation and Motion},
}

@InProceedings{HRa12,
  author       = {H. Ravindra and M. O. Faruque and P. McLaren and et. al.},
  title        = {Impact of PV on Distribution Protection System},
  year         = {2012},
  organization = {North American Power Symposium},
}

@InProceedings{GKA11,
  author       = {G. K. Baghzouz and Y. Ari},
  title        = {Impact of High PV Penetration on Voltage Regulation in Electrical Distribution Systems},
  year         = {2011},
  organization = {International Conference on Clean Electric Power},
}

@Article{HPe14,
  author  = {H. Pezechki and P. J. Wolfs and G. Ledwich},
  title   = {Impact of High PV Penetration on Distribution Transformer Insulation Life},
  journal = {IEEE Transaction on Power Delivery},
  year    = {2014},
  volume  = {vol. 29},
  pages   = {1212--1220},
  issue   = {3},
}

@Article{all09,
  author  = {Thomas allery and Laura Martinez and Danijela Klopotan},
  title   = {Impact of distributed generation on distribution network protection},
  journal = {ESBI Engineering \& Facility Management, Ireland},
  year    = {2009},
}

@TechReport{The03,
  title     = {IEEE Standards 1547-2003. Standard for interconnecting distributed resources with electric power systems},
  year      = {2003},
  publisher = {New York: IEEE},
}

@Article{IEE09,
  title   = {IEEE Recommended Practice for Monitoring Electric Power Quality},
  journal = {IEEE Standard 1159},
  year    = {2009},
}

@Article{IEE11,
  title   = {IEEE Guide for Identifying and Improving Voltage Quality in Power Systems},
  journal = {IEEE Standard 1250},
  year    = {2011},
}

@Article{IEE13,
  title   = {IEEE Guide for Conducting Distribution Impact Studies for Distributed Resource Interconnection},
  journal = {IEEE Standard 1547.7},
  year    = {2013},
}

@TechReport{JBa13,
  author    = {B. Mather J. Bank and J. Keller and M. Coddington},
  title     = {High Penetration Photovoltaic Case Study Report},
  year      = {2013},
  publisher = {National Renewable Energy Laboratory NREL},
}

@Article{RCh93,
  author  = {H. Zadehgol, M. Habib R. Christie},
  title   = {High impedance fault detection in low voltage networks},
  journal = {IEEE Trans Power Deliv},
  year    = {2993},
  volume  = {8},
  pages   = {1829--1836},
}

@InProceedings{XQi11,
  author       = {X. Qing and Z. Zhe and Y. Xianggen},
  title        = {he key technology of distribution transformer and static var compensator integration system},
  year         = {2011},
  organization = {011 International Conference on Mechatronic Science, Electric Engineering and Computer (MEC)},
  location     = {Jilin},
}

@TechReport{USD131,
  title     = {Grid Energy Storage},
  year      = {2013},
  publisher = {U.S. Department of Energy },
}

@Online{Ene17,
  title          = {Grid Modernization and the Smart Grid | Department of Energy},
  msbib-accessed = {Oct 9, 2017},
  url            = {	https://energy.gov/oe/activities/technology-development/grid-modernization-and-smart-grid},
}

@Misc{USD13,
  title          = {Grid energy storage},
  month          = {dec},
  year           = {2013},
  msbib-accessed = {Oct 5, 2017},
  url            = {https://energy.gov/oe/downloads/grid-energy-storage-december-2013},
}

@TechReport{Nat03,
  title     = {Gas-Fired Distributed Energy Resource Technology Characterizations},
  year      = {2003},
  publisher = {U.S. Department of Energy},
}

@TechReport{Ind17,
  title     = {Electric Power Monthly with Data for August 2017},
  year      = {2017},
  publisher = {U.S. Department of Energy},
}

@Online{OFF171,
  title                   = {EERE Success Story—Distributed Wind Competitiveness Improvement Project (CIP) Partner Delivers Next-Generation Wind Turbine for On-Site Power},
  month                   = {apr},
  year                    = {2017},
  msbib-accessed          = {Oct 3, 2017},
  msbib-day               = {11},
  msbib-productioncompany = {U.S. DEPARTMENT OF ENERGY},
  url                     = {https://energy.gov/eere/success-stories/articles/eere-success-story-distributed-wind-competitiveness-improvement},
}

@Article{Bra13,
  author  = {Kyle Bradbury and Pratson Lincoln and Dalia Patiño-Echeverri},
  title   = {Economic viability of energy storage systems based on price arbitrage},
  journal = {Applied Energy},
  year    = {2013},
  volume  = {114},
  pages   = {512--519},
}

@Misc{Har13,
  author    = {Harsha Ravindra},
  title     = {Dynamic Interactions Between Photo Voltaic Inverters and Distribution Voltage Regulation Devices},
  year      = {2013},
  location  = {Tallahassee, Florida},
  publisher = {M.S. thesis, Dept. Elect. and Comput. Eng., Florida State University},
}

@InProceedings{HRa121,
  author       = {H. Ravindra and M. O. Faruque and K. Schoder and M. Steurer and P. Mclaren and R. Meeker},
  title        = {Dynamic Interactions Between Distribution Network Voltage Regulators for Large and Distributed PV Plants},
  year         = {2012},
  organization = {Transmission and Distribution Conference and Exposition},
}

@Misc{Dra11,
  title     = {Draft guide for Smart Grid interoperability of energy technology and information technology operation with the electric power system (EPS) and end-use applications and loads},
  year      = {2011},
  publisher = {IEEE. P2030/D7.0},
}

@Online{USD17,
  title                   = {DOE GLOBAL ENERGY STORAGE DATABASE},
  year                    = {2017},
  msbib-accessed          = {Oct 1, 2017},
  msbib-productioncompany = {Sandia Corporation},
  url                     = {http://www.energystorageexchange.org/projects/data_visualization},
}

@Online{Sur17,
  title          = {DMS - Advanced Distribution Management Systems (ADMS) | SCADA, OMS \& DMS},
  msbib-accessed = {Oct 1, 2017},
  url            = {https://www.survalent.com/dms/},
}

@Online{OFF17,
  title          = {Distributed Wind | Department of Energy},
  msbib-accessed = {Oct 02, 2017},
  url            = {https://energy.gov/eere/wind/distributed-wind},
}

@Article{FGu15,
  author  = {F. Guo and C. Wen' and J. Mao and Y.-D. Song},
  title   = {Distributed secondary voltage and frequency restoration control of droop-controlled inverter-based microgrids},
  journal = {IEEE Trans. Ind. Electron},
  year    = {2015},
  volume  = {62},
  pages   = {4355–4364},
  issue   = {7},
}

@Article{QSh14,
  author  = {Q. Shafiee and J. M. Guerrero and J. C. Vasquez},
  title   = {Distributed secondary control for islanded microgrids - A novel approach},
  journal = {IEEE Trans. Power},
  year    = {2014},
  volume  = {29},
  pages   = {1018–1031},
  issue   = {2},
}

@Article{WSh15,
  author  = {W. Shi and X. Xie and C.-C. Chu and R. Gadh},
  title   = {Distributed optimal energy management in microgrids},
  journal = {IEEE Trans. Smart Grid},
  year    = {2015},
  volume  = {6},
  pages   = {1137--1146},
  issue   = {3},
}

@Article{GLoss,
  author  = {G. Lou and W. Gu and Y. Xu and M. Chen and W. Liu},
  title   = {Distributed MPC-based secondary voltage control scheme for autonomous droop-controlled microgrids},
  journal = {IEEE Trans. Sustain. Energy},
  year    = {article in press},
}

@InProceedings{Wal02,
  author       = {R.A. Walling and N.W. Miller},
  title        = {Distributed Generation Islanding – Implications on Power System Dynamic Performance},
  year         = {2002},
  organization = {Power Engineering Society Summer Meeting, 2002 IEEE},
  location     = {Chicago, IL, USA, USA},
}

@Online{Exe17,
  author         = {Exelon Corporation},
  title          = {Distributed Generation Fuel Cells - Bloom, Constellation - Exelon},
  msbib-accessed = {Oct 20, 2017},
  url            = {http://www.exeloncorp.com/newsroom/Pages/advancing-customer-options-for-distributed-generation.aspx},
}

@Article{SAn13,
  author  = {S. Anand and B. G. Fernandes and J. M. Guerrero},
  title   = {Distributed control to ensure proportional load sharing and improve voltage regulation in lowvoltage DC microgrids},
  journal = {IEEE Trans. Power Electron},
  year    = {2013},
  volume  = {28},
  pages   = {1900–1913},
  issue   = {4},
}

@Article{MChss,
  author  = {M. Chamana and B. H. Chowdhury and F. Jahanbakhsh},
  title   = {Distributed control of voltage regulating devices in the presence of high PV penetration to mitigate ramp-rate issues},
  journal = {IEEE Trans. Smart Grid},
  year    = {article in press},
}

@Article{Kyrue,
  author  = {Kyriaki E. Antoniadou–Plytaria and Iasonas N. Kouveliotis–Lysikatos and Pavlos S. Georgilakis and Nikos D. Hatziargyriou},
  title   = {Distributed and Decentralized Voltage Control of Smart Distribution Networks: Models, Methods, and Future Research},
  journal = {IEEE Transactions on Smart Grid},
  year    = {article in press},
}

@Article{ABi14,
  author  = {A. Bidram and A. Davoudi and F. L. Lewis and S. S. Ge},
  title   = {Distributed adaptive voltage control of inverter-based microgrids},
  journal = {IEEE Trans. Energy Convers},
  year    = {2014},
  volume  = {29},
  pages   = {862–872},
  issue   = {4},
}

@InProceedings{ICh05,
  author       = {I. Chilvers and N. Jenkins and P. Crossley},
  title        = {Distance relaying of 11 kV circuits to increase the installed capacity of distributed generation},
  year         = {2005},
  organization = {IEE Proc Gener Transm Distrib},
}

@Article{MBa,
  author  = {M. Bahramipanah and R. Cherkaoui and M. Paolone},
  title   = {Decentralized voltage control of clustered active distribution network by means of energy storage systems},
  journal = {Elect. Power Syst. Res},
  year    = {2016},
  volume  = {136},
  pages   = {370–382},
}

@Article{Roy14,
  author  = {N. K. Roy and H. R. Pota},
  title   = {Current Status and Issues of Concern for the Integration of Distributed Generation Into Electricity Networks},
  journal = {IEEE Systems Journal},
  year    = {2014},
  volume  = {9},
  pages   = {933--944},
  issue   = {3},
}

@Article{Has17,
  author  = {Hasan Geramifar and Majid Shahabi and Taghi Barforoshi},
  title   = {Coordination of energy storage systems and DR resources for optimal scheduling of microgrids under uncertainties},
  journal = {IET Renewable Power Generation},
  year    = {2017},
  volume  = {11},
  pages   = {378--388},
  issue   = {2},
}

@Article{Nov14,
  author  = {Novalio Daratha and Das Biswarup and Sharma Jaydev},
  title   = {Coordination Between OLTC and SVC for Voltage Regulation in Unbalanced Distribution System Distributed Generation},
  journal = {IEEE Transactions on Power Systems},
  year    = {2014},
  volume  = {29},
  pages   = {289--299},
  issue   = {1},
}

@InProceedings{Van13,
  author       = {Van Cutsem Thierry and Gustavo Valverde},
  title        = {Coordinated voltage control of distribution networks hosting dispersed generation},
  year         = {2013},
  organization = {22nd International Conference and Exhibition on Electricity Distribution (CIRED 2013)},
  location     = {Stockholm},
}

@Article{MKN13,
  author  = {M.K.N.M. Sarmin and W. Nakawiro and M. Wanik and et al.},
  title   = {Coordinated Voltage Control in Distribution Network with Renewable Energy Based Distributed Generation. Engineering},
  journal = {Engineering},
  year    = {2013},
  volume  = {5},
  pages   = {208},
  issue   = {1},
}

@Article{MNa16,
  author  = {M. Nayeripour and H. Fallahzadeh−Abarghouei and E. Waffenschmidt},
  title   = {Coordinated online voltage management of distributed generation using network partitioning},
  journal = {Elect. Power Syst. Res},
  year    = {2016},
  volume  = {141},
  pages   = {202–209},
}

@Article{YWa16,
  author  = {Y. Wang and K. T. Tan and X. Y. Peng and P. L. So},
  title   = {Coordinated control of distributed energy storage systems for voltage regulation in distribution networks},
  journal = {IEEE Trans. Power Del.},
  year    = {2016},
  volume  = {31},
  pages   = {1132–1141},
  issue   = {3},
}

@Article{Liu12,
  author  = {Liu X and AichhornA and LiuL LiH},
  title   = {Coordinated Control of Distributed Energy Storage System With Tap Changer Transformers for Voltage Rise Mitigation Under High Photovoltaic Penetration},
  journal = {IEEE Transactions on Smart Grid},
  year    = {2012},
  volume  = {3},
  pages   = {897--906},
  issue   = {2},
}

@InProceedings{MEC13,
  author       = {M. E. Collins and R. W. Silversides and T. C. Green},
  title        = {Control and coordination of a distribution network via decentralized decision making},
  year         = {2013},
  organization = {IEEE PES Gen. Meet},
  location     = {Vancouver},
}

@TechReport{ICF16,
  title     = {Combined Heat and Power (CHP) Technical Potential in the United States},
  year      = {2016},
  publisher = {U.S. Department of Energy},
}

@InProceedings{AASAT,
  author       = {A. A. Sreesha and S. Somal and I. T. Lu},
  title        = {Cognitive radio based wireless sensor network architecture for smart grid utility},
  year         = {2011 IEEE Long Island Systems Applications and Technology Conference (LISAT)},
  organization = {2011},
}

@Online{Chr17,
  title          = {Chromasun.com},
  msbib-accessed = {Sep 29, 2017},
  url            = {http://www.chromasun.com/MCT.html},
}

@Online{nte17,
  title          = {Certified Small Wind Turbines | Interstate Renewable Energy Council},
  month          = {aug},
  year           = {2017},
  msbib-accessed = {Oct 17, 2017},
  url            = {http://www.irecusa.org/credentialing/certified-small-wind-turbines/},
}

@Article{ACa15,
  author  = {A. Cagnano and E. De Tuglie},
  title   = {Centralized voltage control for distribution networks with embedded PV systems},
  journal = {Renew Energy},
  year    = {2015},
  volume  = {76},
  pages   = {173--185},
}

@Online{The17,
  title                   = {Cells, Modules, and Arrays},
  msbib-accessed          = {Sep 29, 2017},
  msbib-productioncompany = {University of Central Florida},
  url                     = {http://www.fsec.ucf.edu/en/consumer/solar_electricity/basics/cells_modules_arrays.htm},
}

@InProceedings{XCh10,
  author       = {X. Chen and H. Dinh and B. Wang},
  title        = {Cascading failures in smart grid - benefits of distributed generation},
  year         = {2010},
  organization = {IEEE SmartGridComm'10},
}

@Misc{Cle12,
  title     = {Battery energy storage for smart grid applications},
  year      = {2013},
  publisher = {EUROBAT},
}

@Online{NRE171,
  title          = {Battery and Thermal Energy Storage | Energy Systems Integration Facility | NREL},
  msbib-accessed = {Sep 29, 2017},
  url            = {https://www.nrel.gov/esif/battery-thermal-energy-storage.html},
}

@Online{ALS17,
  title          = {Alstom launches Next Generation IDMS for smart distribution operations},
  msbib-accessed = {Oct 1, 2017},
  url            = {http://www.alstom.com/press-centre/2014/7/alstom-launches-next-generation-idms-for-smart-distribution-operations},
}

@Article{XZh16,
  author  = {X. Zhang and A. J. Flueck and C. P. Nguyen},
  title   = {Agent-based distributed Volt/Var control with distributed power flow solver in smart grid},
  journal = {IEEE Trans. Smart Grid},
  year    = {2016},
  volume  = {7},
  pages   = {600–607},
  issue   = {2},
}

@Online{Sch17,
  title          = {ADMS (Advanced Distributiion Management System)},
  msbib-accessed = {Oct 2017},
  url            = {https://www.schneider-electric.com/b2b/en/solutions/for-business/s4/electric-utilities-advanced-distribution-management-system-adms/},
}

@Online{SIE_adms,
  title                   = {ADMS - Digitalgrid - Siemens},
  msbib-accessed          = {Oct 1, 2017},
  msbib-productioncompany = {SIEMENS},
  url                     = {http://w3.siemens.com/smartgrid/global/en/products-systems-solutions/control-center-solutions/grid-control-platform/solutions/distribution_management/pages/adms.aspx},
}

@InProceedings{alC08,
  author       = {Choi J.-H and et al.},
  title        = {Adaptive protection schemes of distributed generation at distribution network for automatic reclosing and voltage sags},
  year         = {2008},
  organization = {IEEE international conference on sustainable energy technologies},
}

@Article{Tia17,
  author  = {Tiago Soares and Ricardo J Bessa and Pierre Pinson and Hugo Morais},
  title   = {Active distribution grid management based on robust ac optimal power flow},
  journal = {IEEE Transactions on Smart Grid},
  year    = {2017},
  pages   = {Article in press},
}

@Article{BAR13,
  author  = {B. A. Robbins and C. N. Hadjikostis and A. D. Domínguez-García},
  title   = {A twostage distributed architecture for voltage control in power distribution systems},
  journal = {IEEE Trans. Power Syst},
  year    = {2013},
  volume  = {28},
  pages   = {1470–1482},
  issue   = {2},
}

@Article{Moh161,
  author  = {Mohseni-Bonab S.M. and Rabiee A. and Mohammadi-Ivatloo B. and et al.},
  title   = {A two-point estimate method for uncertainty modeling in multi-objective optimal reactive power dispatch problem},
  journal = {Int. J. Electr. Power Energy Syst},
  year    = {2016},
  volume  = {75},
  pages   = {194–204},
}

@Article{HEF12,
  author  = {H. E. Farag and E. F. El-Saadany and R. Seethapathy},
  title   = {A two ways communication-based distributed control for voltage regulation in smart distribution feeders},
  journal = {IEEE Trans. Smart Grid},
  year    = {2012},
  volume  = {3},
  pages   = {271–281},
  issue   = {1},
}

@InProceedings{Asa16,
  author       = {M. Sarwar and B. Asad},
  title        = {A review on future power systems; technologies and research for smart grids},
  year         = {2016},
  organization = {2016 International Conference on Emerging Technologies (ICET)},
}

@Article{Joe16,
  author  = {Joel Kennedy and Phill Ciufo and Ashish Agalgaonkar},
  title   = {A review of protection systems for distribution networks embedded with renewable generation},
  journal = {Renewable and Sustainable Energy Reviews},
  year    = {2016},
  volume  = {58},
  pages   = {1308--1917},
}

@Article{Men16,
  author  = {Mengmeng Yu and Seung Ho Hong},
  title   = {A real-time demand-response algorithm for smart grids: A stackelberg game approach},
  journal = {IEEE Transactions on Smart Grid},
  year    = {2016},
  volume  = {7},
  pages   = {879--888},
  issue   = {2},
}

@Article{MZa11,
  author  = {M. Zamani and T. Sidhu and A. Yazdani},
  title   = {A protection strategy and microprocessor-based relay for low-voltage microgrids},
  journal = {IEEE Trans Power Deliv},
  year    = {2011},
  volume  = {26},
  pages   = {1873--1883},
}

@Article{HEF13,
  author  = {El-Saadany and H. E. Farag},
  title   = {A novel cooperative protocol for distributed voltage control in active distribution systems},
  journal = {IEEE Trans Power Syst},
  year    = {2013},
  volume  = {28},
  pages   = {1645–1656},
  issue   = {2},
}

@Article{BBh111,
  author  = {B. Bhalja and et al.},
  title   = {A novel approach to tackle miscoordination of protective device in radial distribution network during dg interconnections},
  journal = {Int J Emerg Electr Power Syst},
  year    = {2011},
  volume  = {12},
  pages   = {1--21},
  issue   = {4},
}

@Article{RPa13,
  author  = {R. Palma-Behnke and et al.},
  title   = {A microgrid energy management system based on the rolling horizon strategy},
  journal = {EEE Trans. Smart Grid},
  year    = {2013},
  volume  = {4},
  pages   = {996--1006},
  issue   = {2},
}

@Article{WZh16,
  author  = {W. Zheng and W. Wu and B. Zhang and H. Sun and Y. Liu},
  title   = {A fully distributed reactive power optimization and control method for active distribution networks},
  journal = {IEEE Trans. Smart Grid},
  year    = {2016},
  volume  = {7},
  pages   = {1021–1033},
  issue   = {2},
}

@InProceedings{DRe13,
  author       = {D. Reeves and G. Nourbakhsh and G. Mokhtari and A. Ghosh},
  title        = {A distributed control based coordination scheme of household PV systems for overvoltage prevention},
  year         = {2013},
  organization = {IEEE PES Gen. Meet.},
  journal      = {IEEE PES Gen. Meet},
  location     = {Vancouver},
}

@Article{KUt17,
  author  = {K. Utkarsh and A. Trivedi and D. Srinivasan and T. Reindl},
  title   = {A consensusbased distributed computational intelligence technique for real-time ptimal control in smart distribution grids},
  journal = {IEEE Trans. Emerg. Topics Comp. Intell},
  year    = {2017},
  volume  = {1},
  pages   = {51--60},
  issue   = {1},
}

@Article{Chu17,
  author  = {Chun Sing Lai and Youwei Jia and Loi Lei Lai and et al.},
  title   = {A comprehensive review on large-scale photovoltaic system with applications of electrical energy storage},
  journal = {Renewable and Sustainable Energy Reviews},
  year    = {2017},
  volume  = {78},
  pages   = {439--451},
}

@Article{LRe15,
  author  = {Reyes-Chamorro L. and Bernstein A. and Boudec J.-Y. Le and M. Paolone},
  title   = {A composable method for real-time control of active distribution networks with explicit power setpoints. Part II: Implementation and validation},
  journal = {Elect. Power Syst. Res},
  year    = {2015},
  volume  = {125},
  pages   = {265–280},
}

@TechReport{PAC17,
  title     = {2016 Distributed Wind Market Report},
  year      = {2017},
  publisher = {U.S. DEPERTMENT OF ENERGY},
}

@Misc{NIS10,
  title     = {NIST framework and roadmap for smart grid interoperability standards release 1.0},
  year      = {2010},
  publisher = {National Institute of Standards and Technology},
}

@Misc{IEC10,
  title     = {IEC smart grid standardization roadmap},
  year      = {2010},
  publisher = {SMB Smart Grid Strategic Group (SG3)},
}

@InProceedings{Sam12,
  author       = {Samantaray SR and Joos G and Kamwa I},
  title        = {Differential energy based microgrid protection against fault conditions},
  year         = {2012},
  organization = {IEEE PES innovative smart grid technologies (ISGT)},
}

@Comment{jabref-meta: databaseType:bibtex;}
